2198 3845
281 406 364 447 214
544 405 763 438 RECORDs
795 404 855 437 oF
888 404 988 435 THE
1020 402 1254 436 BOROUGH
1287 402 1347 434 OF
1382 400 1728 433 NOTTINGHAM.
1863 390 1994 443 [1379

281 525 418 567 fendit
455 526 553 577 vim,
591 533 680 577 etc.‚
718 533 760 568 et
801 526 905 567 dicit
942 526 1059 578 quod
1102 524 1231 565 nichil
1275 524 1311 564 ei
1354 524 1485 564 debet
1523 523 1655 564 modo
1691 528 1818 576 prout
1855 521 1996 562 dictus

282 600 527 640 Willelmus
568 614 715 641 versus
764 613 862 640 eum
912 599 1111 647 narravit,
1154 599 1255 651 quia
1296 597 1401 638 dicit
1448 598 1565 650 quod
1608 609 1831 650 nunquam
1880 596 1999 636 dicto

282 674 505 715 Willelmo
533 675 794 727 supplicavit
823 687 901 726 pro
931 687 981 713 eo
1010 673 1176 713 solvere
1208 672 1420 725 aliquem1
1446 671 1683 721 denarium,
1706 677 1748 711 et
1776 670 1858 710 hoc
1891 669 2000 722 petit

282 748 399 801 quod
430 747 679 800 inquiratur.
744 748 850 788 Ideo
884 753 1164 800 praeceptum
1200 752 1265 787 est
1300 745 1476 786 Ballivis
1510 745 1627 798 quod
1661 744 1806 785 venire
1840 743 2001 784 faciant

284 821 356 875 xij.
377 821 591 874 juratores
614 821 725 861 inter
746 834 819 861 eos
842 826 993 861 contra
1016 820 1264 873 proximam
1290 819 1475 862 Curiam.
1717 820 1832 867 1280,
1856 831 1910 858 ro.
1942 828 1999 868 19.

344 993 889 1046 CXVII.—Engagement
908 994 962 1044 of
972 1007 999 1032 a
1026 993 1225 1035 collector
1243 993 1297 1044 of
1307 993 1346 1032 A
1355 993 1436 1032 lms
1446 992 1528 1044 for
1544 1005 1571 1031 a
1597 991 1754 1044 Clcapcl
1770 990 1863 1030 and
1878 989 1946 1030 llis

571 1067 899 1120 lmpm'soumenl
908 1067 1161 1119 forfmgred
1177 1067 1301 1106 Bulls
1321 1066 1538 1106 delivered
1555 1072 1594 1106 to
1615 1065 1715 1105 slim.

949 1167 1064 1207 1379,
1089 1156 1266 1209 August
1296 1167 1352 1207 17.

370 1264 593 1317 johannes
627 1262 767 1313 Clerk,
799 1264 854 1303 de
888 1262 1158 1311 Mounstrell,
1192 1261 1456 1302 attachiatus
1489 1267 1554 1301 est
1580 1273 1726 1301 versus
1757 1258 2004 1312 johannem

285 1339 339 1379 cle
382 1339 603 1387 Swanton,
640 1337 694 1377 de
736 1335 917 1385 Thame,
955 1337 1009 1376 de
1045 1336 1207 1389 placito
1248 1334 1603 1388 transgressionis
1645 1340 1687 1374 et
1728 1339 2007 1386 contemptus

285 1418 436 1452 contra
467 1412 703 1460 Statutum,
727 1411 781 1451 de
810 1424 862 1450 eo
891 1410 1008 1463 quod
1032 1423 1130 1450 cum
1153 1409 1295 1450 dictus
1316 1408 1540 1462 Johannes
1565 1407 1694 1450 Clerk
1718 1407 1796 1447 fuit
1819 1407 2008 1447 serviens

286 1486 419 1538 ipsius
451 1485 664 1539 Johannis
696 1485 750 1525 de
784 1485 1006 1533 Swanton,
1037 1490 1079 1525 et
1111 1497 1209 1524 cum
1243 1497 1294 1523 eo
1324 1489 1517 1524 retentus
1550 1482 1604 1523 ad
1635 1481 1909 1522 serviendum
1940 1480 2010 1529 ei‚2

286 1559 354 1599 hic
391 1559 507 1612 apud
546 1558 847 1611 Notyngham,
882 1572 906 1598 a
941 1557 1051 1598 festo
1090 1557 1282 1598 Paschae
1319 1557 1474 1598 ultimo
1511 1555 1744 1609 praeterito
1780 1568 1917 1607 usque
1954 1554 2008 1594 ad

288 1632 417 1673 finem
451 1633 635 1673 duorum
663 1645 875 1672 annorum
907 1645 1021 1672 nunc
1051 1631 1253 1684 proxime
1285 1630 1560 1684 sequentium
1594 1636 1636 1670 et
1668 1629 1859 1682 plenarie
1891 1641 2008 1668 com-

288 1707 515 1760 pletorum,
546 1707 600 1746 ad
630 1706 934 1759 prosequenda
963 1712 1006 1746 et
1034 1705 1378 1746 demonstranda
1410 1704 1587 1757 negotia
1620 1702 1824 1756 Capellae
1858 1702 2007 1744 Sancti

288 1781 488 1821 Thomac
540 1780 732 1820 Martiris
773 1793 904 1833 supra
945 1786 1124 1832 pontem
1170 1778 1440 1827 Bedfordiae,
1484 1778 1584 1818 inde
1626 1776 1740 1817 idem
1787 1775 2012 1828 Johannes

290 1854 430 1904 Clerk,
454 1860 605 1895 contra
627 1853 848 1894 licentiam
872 1859 914 1894 et
937 1853 1208 1893 voluntatem
1233 1852 1442 1906 praedicti
1472 1850 1685 1904 Johannis
1708 1851 1762 1891 de
1790 1850 2011 1897 Swanton,

289 1943 314 1970 a
336 1942 414 1969 suo
437 1928 612 1969 servitio
634 1927 781 1976 exivit,
805 1934 847 1968 et
870 1927 961 1967 sine
984 1940 1114 1967 causa
1144 1925 1390 1967 rationabili
1421 1925 1476 1965 ab
1505 1938 1556 1965 eo
1585 1923 1782 1973 detinuit,
1806 1929 1848 1964 et
1870 1922 2012 1963 adhuc

289 2003 466 2052 detinet,
501 2002 556 2043 ad
591 2002 785 2055 dampna
822 2001 954 2054 ipsius
988 1999 1201 2054 Johannis
1239 2000 1293 2040 de
1329 1999 1538 2042 Swanton
1574 1997 1725 2051 viginti
1763 1997 2011 2045 solidorum,

290 2077 406 2118 unde
443 2077 557 2117 idem
599 2076 823 2129 Johannes
865 2075 1065 2128 producit
1106 2080 1280 2114 sectam.
1360 2073 1418 2113 Et
1454 2073 1572 2113 venit
1608 2073 1749 2113 dictus
1790 2071 2013 2124 Johannes

293 2150 422 2193 Clerk
460 2151 501 2190 in
540 2150 714 2203 propria
751 2163 936 2203 persona
973 2163 1060 2197 sua,
1099 2155 1141 2189 et
1175 2147 1372 2188 defendit
1408 2147 1506 2195 vim,
1544 2152 1633 2194 etc,
1672 2151 1714 2186 et
1755 2145 1860 2185 dicit
1896 2144 2014 2197 quod

291 2224 408 2265 solus
431 2224 522 2277 ipse
546 2223 625 2264 fuit
648 2229 840 2263 retentus
864 2236 961 2263 cum
986 2222 1210 2275 praedicto
1238 2221 1440 2275 Johanne
1463 2221 1517 2260 de
1542 2220 1749 2262 Swanton
1781 2219 1817 2259 ei
1847 2218 2014 2268 servire,

294 2299 426 2339 modo
459 2304 587 2351 prout
619 2297 735 2337 idem
767 2296 992 2349 Johannes
1014 2309 1161 2336 versus
1195 2309 1294 2335 eum
1327 2294 1527 2343 narravit,
1561 2307 1639 2346 pro
1670 2292 1796 2333 dictis
1829 2291 2016 2345 negotiis

293 2372 605 2425 prosequendis
649 2377 692 2412 et
734 2371 1079 2424 pronuntiandis,
1117 2376 1183 2410 set
1221 2370 1335 2410 idem
1372 2368 1596 2422 Johannes
1633 2368 1688 2408 de
1731 2368 1940 2409 Swanton
1978 2366 2015 2406 ei

293 2446 473 2486 tradidit
495 2445 623 2485 falsas
652 2444 792 2484 bullas
815 2444 907 2497 [ad]
931 2444 1048 2484 dicta
1077 2443 1253 2496 negotia
1284 2443 1588 2496 prosequenda
1619 2447 1662 2482 et
1693 2440 2016 2494 proclamanda,

295 2534 373 2573 pro
401 2519 558 2572 quibus
588 2519 764 2571 quidem
795 2518 911 2558 falsis
944 2518 1071 2558 bullis
1106 2518 1198 2571 ipse
1229 2517 1453 2570 Johannes
1487 2515 1616 2559 Clerk
1649 2515 1728 2556 fuit
1761 2521 1924 2568 captus,
1955 2528 2017 2554 re-

296 2599 441 2634 tentus
464 2599 506 2633 et
529 2592 839 2644 imprisonatus
862 2592 979 2644 apud
1011 2590 1218 2633 Stanford
1252 2591 1294 2630 in
1328 2590 1551 2633 Comitatu
1582 2588 1951 2642 Notynghamiae,
1975 2594 2018 2628 et

296 2667 492 2707 similiter
521 2667 636 2719 apud
669 2666 889 2718 Garthorp
912 2665 953 2705 in
986 2665 1210 2707 Comitatu
1243 2663 1569 2717 Leycestr[iae]‚
1593 2670 1635 2704 et
1657 2663 1716 2703 sic
1739 2676 1790 2703 ea
1811 2663 1865 2702 de
1888 2675 2019 2702 causa

298 2756 323 2782 a
354 2740 528 2781 servitio
560 2739 770 2792 praedicti
802 2738 1016 2792 Johannis
1049 2739 1103 2779 de
1137 2739 1346 2780 Swanton
1377 2737 1514 2777 exivit
1543 2743 1586 2777 et
1616 2736 1800 2784 recessit,
1824 2741 1952 2788 prout
1981 2735 2018 2775 ei

298 2815 408 2855 bene
440 2814 571 2862 licuit,
609 2820 651 2854 et
683 2813 765 2853 hoc
798 2819 974 2865 paratus
1007 2818 1071 2852 est
1103 2810 1342 2860 verificare3
1379 2811 1496 2851 unde
1528 2810 1637 2863 petit
1665 2809 1876 2863 judicium
1910 2808 1943 2848 si
1977 2808 2018 2848 in

299 2889 381 2928 hoc
413 2901 515 2927 casu
548 2887 765 2927 actionem
789 2900 936 2926 versus
969 2899 1068 2926 eum
1101 2885 1242 2925 dictus
1274 2884 1498 2937 Johannes
1531 2884 1585 2923 de
1619 2883 1828 2925 Swanton
1861 2881 2020 2922 habere

300 2961 436 3014 possit
469 2967 543 3001 aut
574 2960 741 3001 debeat.
807 2960 864 3000 Et
897 2959 1145 3012 praedictus
1177 2958 1401 3011 Johannes
1434 2958 1488 2998 de
1523 2957 1733 2999 Swanton
1766 2955 1871 2996 dicit
1903 2955 2019 3007 quod

300 3035 391 3088 ipse
422 3034 646 3087 Johannes
680 3032 809 3074 Clerk
841 3046 898 3072 ex
929 3031 1084 3084 injuria
1113 3044 1191 3071 sua
1220 3031 1403 3084 propria,
1427 3036 1469 3071 et
1501 3030 1593 3070 sine
1625 3043 1756 3070 causa
1787 3028 2019 3082 praedicta,

301 3122 327 3148 a
367 3107 540 3148 servitio
582 3106 714 3159 ipsius
752 3105 937 3154 recessit,
979 3111 1021 3145 et
1062 3104 1144 3144 hoc
1186 3104 1297 3156 petit
1340 3104 1458 3156 quod
1507 3103 1774 3155 inquiratur;
1826 3108 1868 3142 et
1911 3101 2019 3142 alius

302 3181 506 3222 similiter.
570 3180 678 3220 Ideo
700 3185 981 3232 praeceptum
1005 3184 1069 3218 est
1100 3176 1276 3217 Ballivis
1299 3177 1416 3229 quod
1439 3176 1584 3216 venire
1606 3175 1767 3216 faciant
1790 3174 2020 3215 duodecim

300 3257 512 3309 juratores
545 3254 655 3295 inter
683 3267 756 3294 eos
786 3259 938 3293 contra
968 3252 1084 3293 diem
1117 3251 1319 3292 Mercurii
1349 3250 1601 3304 proximum
1631 3257 1731 3303 post
1753 3249 1910 3290 festum
1936 3249 2022 3289 De-

604 3346 612 3359 ¹
636 3342 803 3382 aliqztem‚]
824 3342 831 3356 ‘
843 3339 1001 3381 aliquod,'
1019 3340 1092 3372 MS.
1400 3343 1411 3356 ²
1435 3339 1492 3379 ci‚]
1513 3341 1521 3356 ‘
1535 3339 1634 3377 eum‚'
1652 3340 1724 3371 MS.
