2198 3845
301 388 380 427 218
563 396 781 429 RECORDs
814 397 874 428 OF
907 396 1007 427 THE
1039 395 1274 427 BOROUGH
1307 396 1367 427 OF
1401 396 1749 428 NOTTINGHAM.
1884 385 2012 439 [1382

415 534 898 587 CXIX—Suspension
920 534 975 586 of
985 533 1146 574 Basz‘ns
1155 534 1278 585 from
1300 548 1327 575 a
1348 534 1549 576 Barber’s
1569 534 1671 575 Pole
1691 548 1740 575 as
1761 548 1787 574 a
1807 534 1903 587 sign

1016 608 1070 659 Of
1081 607 1148 647 lais
1169 609 1289 659 craft.

949 701 1112 748 1380-1‚
1138 698 1290 738 March
1320 709 1376 749 13.

382 812 606 865 Johannes
640 812 844 861 Barbour,
874 825 949 865 per
982 812 1246 853 Nicholaum
1279 813 1334 853 de
1368 812 1554 865 Lamley
1576 818 1845 854 attornatum
1877 825 2016 862 suum,

298 887 490 940 queritur
511 887 565 927 de
587 886 809 926 MVillelmo
840 886 1035 927 Barbour
1063 887 1118 927 de
1149 886 1311 940 placito
1342 886 1717 940 transgressionis3
1750 893 1793 927 et
1824 886 2017 939 queritur

298 961 414 1013 quod
457 974 554 1001 cum
593 961 684 1013 ipse
719 960 954 1013 Johannes,
992 961 1047 1001 ad
1085 960 1243 1002 festum
1282 961 1613 1014 Assumptionis
1651 961 1813 1001 Beatae
1850 960 2017 1000 Mariae

299 1034 502 1087 Virginis,
525 1048 640 1075 anno
670 1034 789 1088 regni
820 1035 931 1088 regis
964 1047 1078 1075 nunc
1110 1041 1276 1088 quarto,
1301 1035 1416 1088 apud
1452 1034 1753 1087 Notyngham,
1777 1034 2013 1074 conduxit1

299 1109 535 1161 quamdam
565 1108 731 1149 seldam
761 1123 840 1162 pro
869 1115 960 1149 arte
990 1122 1067 1149 sua
1096 1108 1169 1159 uti,
1193 1122 1250 1149 ex
1273 1122 1360 1162 qua
1381 1108 1502 1149 selda
1524 1108 1771 1162 praedictus
1792 1107 2016 1161 Johannes

298 1196 396 1223 suas
434 1182 579 1236 pelves
616 1197 745 1236 super
778 1183 1041 1236 quod[dam]
1076 1182 1191 1236 polle
1225 1182 1533 1236 pe[n]didisset
1567 1183 1677 1223 sicut
1712 1196 1790 1235 pro
1824 1182 2016 1234 quodam

298 1256 423 1309 signo
464 1270 568 1296 suae
608 1257 722 1305 artis,
764 1263 854 1306 etc.,
897 1256 1144 1310 praedictus
1181 1256 1428 1297 XVillelmus
1472 1257 1676 1305 Barbour,
1714 1257 1754 1296 vi
1792 1263 1834 1296 et
1876 1256 2018 1305 armis,

298 1330 416 1371 venit
450 1330 698 1383 praedictae
731 1329 887 1379 seldae,
922 1337 964 1370 ct
1001 1330 1163 1371 ibidem
1201 1344 1299 1370 suas
1337 1330 1482 1383 pelves
1519 1331 1721 1371 deorsum
1756 1330 1938 1383 jactavit
1975 1337 2018 1371 et

298 1404 554 1454 demolivit‚2
591 1410 634 1444 et
671 1417 796 1444 suum
834 1404 949 1457 polle
986 1403 1124 1457 fregit,
1161 1410 1204 1444 et
1240 1404 1438 1444 similiter
1474 1403 1646 1444 cuidam
1684 1402 1901 1456 Johanni3
1938 1403 2018 1443 sibi

299 1478 500 1519 servienti
548 1478 729 1518 minavit
771 1478 1007 1527 verberare,
1050 1478 1105 1518 ad
1157 1491 1288 1531 grave
1334 1478 1577 1530 dampnum
1621 1477 1753 1530 ipsius
1803 1477 2019 1530 Johannis

299 1560 473 1593 centum
507 1553 756 1602 solidorum,
786 1560 828 1594 ct
861 1560 1011 1594 contra
1043 1566 1208 1606 pacem,
1236 1559 1313 1593 etc.
1378 1552 1436 1593 Et
1458 1552 1576 1593 venit
1608 1552 1750 1593 dictus
1772 1551 2020 1592 XVillelmus

302 1628 505 1677 Barbour,
529 1634 572 1668 ct
593 1627 788 1668 defendit
811 1627 897 1667 vim
921 1634 963 1667 et
987 1626 1199 1680 injuriam,
1222 1632 1312 1675 etc„
1336 1632 1378 1666 et
1401 1625 1505 1666 dicit
1528 1625 1645 1678 quod
1676 1625 1795 1665 nullo
1824 1631 1888 1665 est
1919 1625 2020 1665 inde

300 1701 537 1755 culpabilis,
560 1708 603 1742 ct
625 1702 706 1741 hoc
729 1701 838 1754 petit
860 1702 977 1754 quod
1002 1701 1251 1754 inquiratur.
1316 1700 1423 1741 Ideo
1449 1706 1730 1752 praeceptum
1754 1705 1819 1740 est
1843 1699 2020 1739 Ballivis

301 1776 417 1829 quod
440 1776 585 1816 venire
608 1775 769 1816 faciant
792 1775 1117 1828 inquisitionem
1142 1775 1252 1816 inter
1274 1788 1347 1815 eos
1370 1780 1521 1815 contra
1550 1774 1799 1827 proximam
1831 1773 2018 1816 Curiam.

303 1850 473 1903 Plegius
506 1849 609 1890 dicti
642 1849 849 1890 willelmi
880 1862 978 1889 eum
1010 1849 1198 1889 habendi
1229 1854 1430 1901 paratum
1461 1848 1515 1888 ad
1546 1847 1709 1887 Aulam
1741 1847 1895 1887 eodem
1925 1846 2022 1886 die:

299 1925 522 1978 Johanncs
548 1924 654 1963 Fox.
1695 1922 1810 1969 1281,
1835 1934 1889 1960 ro.
1915 1919 2020 1973 (2d).

748 2168 1067 2211 CXX-lisia
1083 2167 1256 2222 ossolm
1278 2167 1328 2207 de
1361 2166 1576 2207 lVollaton.

1011 2259 1126 2308 1382,
1151 2258 1259 2309 May
1284 2268 1316 2308 3.

391 2367 441 2406 In
478 2366 559 2406 Dei
593 2365 780 2414 nomine,
808 2378 946 2405 amen.
1012 2365 1109 2417 Ego
1140 2364 1364 2416 Johannes
1396 2363 1450 2403 de
1472 2362 1693 2402 XVolaton’
1717 2363 1859 2403 condo
1891 2369 2022 2404 testa-

303 2447 499 2480 mentum
524 2453 669 2480 meum
693 2439 734 2479 in
762 2439 877 2479 hunc
907 2439 1097 2479 modum.
1163 2436 1378 2490 Inprimis,
1401 2436 1499 2489 lego
1529 2435 1719 2476 animam
1751 2449 1893 2476 meam
1926 2437 2024 2477 Deo

302 2521 345 2555 et
379 2515 540 2554 Beatae
574 2512 751 2562 Mariae,
775 2519 818 2553 et
846 2512 1049 2552 omnibus
1081 2511 1242 2552 sanctis
1277 2510 1370 2559 Dei,
1401 2517 1443 2551 et
1473 2524 1628 2563 corpus
1661 2523 1806 2550 meum
1840 2510 1895 2551 ad
1927 2525 2022 2563 sep-

302 2587 520 2628 eliendum
550 2587 591 2627 in
624 2586 820 2627 Ecclesia
846 2587 900 2626 de
930 2585 1128 2638 Griseley
1155 2598 1301 2625 coram
1331 2584 1455 2625 altari
1487 2583 1637 2626 Sancti
1668 2584 1832 2637 Jacobi.
1897 2584 2022 2633 Item,

304 2661 411 2714 lego,
449 2661 625 2701 nomine
662 2660 911 2713 principalis
949 2659 1043 2708 mei,
1083 2659 1305 2699 meliorem
1343 2671 1502 2711 equum
1542 2671 1698 2698 meum.
1764 2658 1887 2706 Item,
1925 2657 2024 2710 lego

304 2735 345 2774 in
369 2748 465 2774 cera
487 2734 599 2774 circa
620 2747 775 2786 corpus
805 2747 950 2773 meum
981 2733 1337 2781 comburendum,
1361 2732 1512 2772 decem
1543 2731 1672 2771 libras
1702 2745 1833 2771 cerae.
1898 2732 2022 2780 Item,

304 2808 361 2848 do
389 2814 431 2848 et
460 2807 558 2860 lego
588 2807 821 2859 Marjoriae
850 2806 976 2847 uxori
1007 2820 1129 2847 meae
1158 2806 1306 2846 omnia
1335 2806 1451 2846 bona
1479 2812 1522 2846 et
1548 2805 1705 2845 catalla
1728 2819 1833 2846 11163.
1899 2806 2023 2855 Item,

306 2881 438 2921 Priori
461 2881 515 2921 de
546 2880 790 2929 Bellavalle,
814 2895 911 2920 xxs.
976 2881 1100 2929 Item,
1125 2880 1348 2920 Fratribus
1379 2878 1622 2919 Minoribus
1651 2879 1705 2919 de
1738 2879 2024 2932 Notingham,

303 2955 392 2996 xld.
442 2956 566 3004 Item,
592 2955 814 2995 Fratribus
834 2955 1011 2997 Ordinis
1031 2954 1364 2996 Carmelitarum
1388 2952 1583 3006 ejusdem
1606 2953 1743 3002 villae,
1763 2953 1850 2994 xld.
1899 2954 2022 3002 Item,

303 3028 479 3069 Vicario
503 3028 724 3068 Ecclesiae
742 3029 796 3068 de
819 3028 1026 3081 Griseley,
1051 3028 1138 3068 xld.
1195 3028 1319 3077 Item,
1340 3027 1533 3067 Domino
1556 3026 1766 3077 Thomae,
1784 3027 2024 3080 presbitero

304 3101 499 3154 ejusdem
542 3101 679 3150 villae,
722 3101 828 3154 Xijd.
912 3102 1037 3151 Item,
1079 3101 1250 3142 duobus
1301 3099 1475 3148 clericis,
1518 3099 1690 3152 utrique
1730 3100 1814 3153 vjd.
1899 3101 2023 3149 Item,

305 3175 492 3216 fabricae
521 3175 737 3223 666165136,
768 3175 855 3214 xld.
921 3175 1045 3223 Item,
1076 3174 1338 3227 pauperibus
1371 3173 1493 3213 istius
1525 3173 1766 3225 parochiae,
1797 3173 2023 3213 dimidiam

371 3285 379 3298 ¹
404 3280 586 3319 conduxit,]
614 3279 804 3317 ‘condixit,’
829 3280 900 3310 MS.
1295 3281 1306 3301 ³
1329 3278 1458 3308 caldam
1485 3277 1673 3318 saltatum]
1716 3277 1865 3318 ‘quidem
1903 3277 2025 3317 Johan-

370 3338 381 3351 2
404 3333 596 3372 dcmolivit,]
625 3332 846 3370 ‘demolavit‚'
871 3333 944 3364 MS.
1232 3332 1331 3372 ncm,'
1356 3333 1429 3365 MS.
