2198 3845
264 412 340 451 168
522 421 742 453 RECORDS
773 421 834 453 OF
866 421 966 452 THE
999 421 1234 453 BOROUGH
1267 420 1327 453 oF
1361 421 1708 453 NOTTINGHAM.
1845 408 1975 467 [1358

408 560 928 601 LXXXVII.—Cust0m
950 574 999 599 as
1020 566 1059 599 to
1080 561 1241 600 Dower
1261 560 1304 600 in
1327 560 1393 600 tlze
1413 560 1599 612 English
1620 559 1826 613 Boroztgll.

929 651 1046 700 1358,
1070 650 1223 690 March
1248 652 1310 691 28.

342 747 566 800 Johannes
598 747 653 787 de
685 747 875 796 Verdon,
898 747 953 787 de
986 747 1306 798 Brikelsworffl,
1330 748 1528 797 chivalen
1558 754 1600 789 et
1630 748 1835 788 Matillda
1865 761 1979 788 uxor

257 820 359 873 ejus,
408 834 485 873 per
533 820 782 873 Johannern
837 821 1062 874 Lynering
1113 828 1383 862 attornatum
1435 836 1572 871 suurn,
1625 828 1780 875 petunt
1831 835 1978 862 versus

256 895 500 935 Walterum
535 895 590 935 de
627 895 832 944 Gotham,
867 895 921 935 de
960 895 1261 948 Notyngham‚
1297 895 1578 936 medietatem
1614 901 1801 948 quatuor
1838 908 1978 935 mesu-

255 969 453 1021 agiorum
477 976 519 1010 et
541 975 717 1010 centum
740 969 1025 1010 solidatarum
1056 969 1260 1018 redditus,
1284 983 1381 1009 curn
1412 969 1694 1022 pertinentiis,
1718 969 1759 1008 in
1791 969 1978 1021 Noting-

255 1042 369 1093 ham,
404 1049 452 1083 ut
485 1043 634 1084 dotem
670 1043 803 1096 ipsius
838 1042 1068 1084 Matilldae
1104 1057 1160 1083 ex
1196 1043 1423 1084 dotatione
1460 1042 1633 1084 Radulfi
1668 1043 1722 1083 de
1757 1042 1978 1095 Crophull,

256 1117 414 1166 militis,
445 1118 667 1170 quondam
704 1117 779 1157 viri
814 1117 888 1157 sui.
953 1118 1095 1170 Super
1123 1131 1210 1170 quo
1239 1117 1380 1158 dictus
1409 1117 1629 1158 XValterus
1658 1117 1787 1167 venit,
1810 1123 1853 1157 et
1875 1116 1980 1157 dicit

255 1191 372 1244 quod
415 1191 486 1231 ubi
531 1192 624 1244 ipsa
665 1191 774 1244 petit
815 1192 964 1231 dotem
1008 1192 1063 1231 de
1105 1191 1351 1240 medietate,
1395 1198 1516 1244 patet
1558 1191 1675 1244 quod
1720 1196 1785 1231 est
1828 1196 1980 1230 contra

255 1266 395 1318 legem
419 1279 699 1305 communem
723 1265 888 1318 absque
911 1265 1057 1317 aliqua
1078 1266 1254 1318 speciali
1278 1279 1419 1313 causa,
1438 1272 1480 1305 et
1504 1266 1604 1305 inde
1627 1265 1735 1317 petit
1754 1264 1978 1317 judicium.

259 1340 316 1380 Et
345 1340 555 1392 praedicti
584 1339 809 1392 Johannes
839 1346 881 1379 et
912 1339 1117 1379 Matillda
1139 1340 1290 1379 dicunt
1313 1339 1430 1391 quod
1460 1338 1685 1391 mesuagia
1713 1351 1762 1378 ac
1786 1338 1979 1378 redditus

254 1413 463 1466 praedicti
493 1419 593 1453 sunt
623 1413 664 1452 in
697 1413 842 1465 Burgo
872 1412 1064 1465 Anglico
1094 1412 1304 1453 libertatis
1326 1412 1453 1452 villae
1477 1411 1847 1465 Notynghamiae,
1870 1411 1980 1452 infra

254 1500 384 1540 quern
424 1488 616 1540 Burgum
654 1486 893 1539 Anglicum
933 1486 1133 1526 mulieres
1170 1486 1224 1526 de
1261 1486 1497 1526 medietate
1533 1492 1743 1526 terrarum
1781 1491 1823 1526 et
1860 1491 1979 1525 tene-

255 1568 502 1602 mentorum
526 1562 714 1602 virorum
738 1575 926 1611 suorum,
949 1575 1026 1614 per
1047 1561 1408 1601 consuetudinem
1438 1560 1570 1613 Burgi
1593 1560 1814 1613 praedicti,
1838 1559 1979 1600 dotari

254 1634 427 1685 debent,
465 1641 507 1675 et
549 1642 705 1688 petunt
747 1636 896 1676 dotem
940 1648 1074 1675 suam.
1140 1635 1197 1675 Et
1239 1641 1453 1688 quantum
1497 1635 1551 1674 ad
1595 1634 1825 1683 redditum,
1862 1634 1978 1674 idem

254 1709 474 1749 &Valterus
507 1709 611 1750 dicit
646 1710 763 1762 quod
799 1709 903 1749 nihil
938 1709 1071 1749 habet
1106 1710 1147 1749 in
1184 1709 1354 1750 redditu
1390 1709 1624 1762 praedicto,
1659 1715 1702 1748 et
1736 1708 1845 1761 petit
1879 1708 1980 1748 inde

250 1783 475 1836 judicium,
513 1791 613 1834 etc.;
650 1791 693 1825 et
730 1785 875 1837 quoad
910 1791 1098 1837 quatuor
1132 1785 1356 1837 mesuagia
1390 1784 1623 1837 respondet
1657 1790 1704 1823 ut
1738 1790 1902 1832 tenens,
1937 1790 1979 1824 et

254 1858 359 1898 dicit
390 1859 519 1911 quod,
543 1872 619 1912 per
650 1858 1012 1899 consuetudinem
1043 1857 1213 1911 [Burgi]
1237 1857 1445 1911 praedicti
1480 1857 1728 1911 [h]actenus
1761 1857 1978 1906 usitatam,

255 1932 472 1973 actionem
497 1933 538 1972 in
569 1933 643 1973 illo
672 1946 773 1973 casu
803 1932 963 1973 habere
992 1946 1078 1972 non
1102 1932 1285 1982 debent;
1317 1932 1421 1972 dicit
1445 1931 1485 1971 in
1509 1931 1626 1984 quod
1651 1931 1723 1971 ubi
1746 1931 1809 1971 vir
1830 1931 1979 1971 vendit

253 2013 389 2047 terras
421 2021 495 2047 seu
526 2013 778 2048 tenementa
807 2006 916 2047 infra
947 2007 1140 2059 Burgum
1170 2006 1442 2059 praedictum
1470 2004 1743 2058 e[xistentia]
1775 2038 1782 2044 .
1816 2038 1822 2044 .
1856 2038 1862 2044 .
1896 2037 1903 2044 .
1937 2011 1981 2045 et

255 2080 314 2120 illi
350 2080 552 2134 [den]arii
587 2081 770 2134 expensi
805 2087 906 2121 sunt
940 2081 995 2120 ad
1030 2093 1310 2120 communem
1346 2080 1579 2120 utilitatem
1614 2086 1705 2120 tam
1740 2079 1817 2119 viri
1846 2093 1978 2132 quam

256 2154 458 2204 mulieris,
491 2168 541 2195 ac
578 2155 633 2195 de
669 2155 891 2195 communi
926 2168 1005 2195 usu
1044 2155 1247 2207 ipsorum,
1281 2154 1398 2207 quod
1437 2154 1531 2207 ipsa
1567 2153 1720 2194 mulier
1756 2153 1830 2206 d[e
1861 2159 1979 2194 tene-

256 2228 414 2269 mentis
468 2228 546 2281 sic]
592 2229 790 2277 venditis,
838 2229 954 2269 unde
1007 2229 1171 2269 denarii
1226 2229 1326 2268 inde
1379 2228 1695 2281 provenientes,
1745 2227 1786 2267 in
1841 2227 1980 2268 forma

255 2302 489 2354 praedicta,
519 2303 579 2342 sic
612 2303 794 2355 expensi
829 2309 940 2351 sunt,
970 2309 1070 2355 post
1100 2310 1284 2343 mortem
1316 2303 1391 2342 viri
1421 2303 1485 2342 sui
1518 2303 1667 2343 dotem
1700 2301 1860 2342 habere
1892 2315 1978 2341 non

256 2376 435 2427 debeat;
473 2383 516 2417 et
553 2377 731 2417 ulterius
765 2377 870 2416 dicit
903 2377 1021 2429 quod
1062 2376 1277 2417 Radulfus
1311 2377 1366 2416 de
1403 2375 1624 2428 Crophull,
1659 2375 1882 2428 quondam
1917 2375 1981 2415 vir

257 2450 391 2503 ipsius
424 2450 664 2500 Matilldae‚
687 2451 743 2491 de
774 2450 896 2503 cujus
925 2450 1153 2491 dotatione
1182 2451 1263 2503 ipsi
1294 2450 1427 2490 modo
1455 2456 1621 2502 petunt,
1644 2449 1841 2490 vendidit
1863 2448 1981 2489 dicta

256 2530 443 2576 quatuor
475 2524 700 2577 mesuagia
731 2524 904 2564 cuidam
935 2524 1132 2565 VValtero
1160 2525 1215 2564 de
1250 2523 1445 2573 Lincoln,
1476 2523 1737 2564 antecessori
1769 2523 1979 2576 praedicti

256 2597 450 2648 Walteri,
473 2598 595 2651 cujus
624 2598 748 2638 heres
777 2599 869 2651 ipse
898 2604 974 2647 est,
998 2604 1040 2639 et
1062 2598 1227 2639 denarii
1250 2598 1322 2650 qui
1353 2598 1454 2638 inde
1476 2598 1744 2638 devenerunt
1773 2597 1979 2650 exspensi

256 2670 429 2712 fuerunt
470 2671 512 2711 in
555 2672 777 2712 communi
820 2686 899 2712 usu
942 2672 1135 2725 ipsorum
1180 2671 1371 2712 Radulfii
1413 2678 1456 2712 et
1499 2671 1738 2720 Matilldae,
1780 2677 1823 2711 et
1871 2670 1981 2724 petit

253 2744 465 2797 judicium
499 2746 534 2786 si
567 2746 661 2799 ipsa
690 2746 790 2786 inde
819 2746 969 2786 dotem
998 2745 1158 2786 habere
1188 2746 1355 2786 debeat.
1421 2746 1478 2786 Et
1512 2745 1722 2798 praedicti
1755 2745 1979 2798 Johannes

257 2825 299 2858 et
329 2819 533 2859 Matillda
560 2820 711 2860 dicunt
734 2820 851 2873 quod
881 2820 1129 2873 praedictus
1158 2819 1378 2860 walterus
1408 2819 1626 2872 plenarius
1655 2825 1809 2860 tenens
1838 2824 1904 2859 est
1925 2819 1980 2859 de

257 2893 428 2933 redditu
452 2894 688 2946 praedicto,
711 2900 840 2947 prout
863 2894 943 2947 ipsi
966 2908 1042 2947 per
1064 2894 1193 2934 breve
1216 2907 1341 2933 suum
1366 2900 1632 2946 supponunt,
1655 2900 1698 2933 et
1719 2893 1801 2933 hoc
1824 2898 1980 2946 petunt

257 2966 433 3019 inquiri;
466 2973 509 3007 et
532 2967 639 3007 alius
669 2967 874 3008 similiter.
939 2968 997 3008 Et
1029 2967 1239 3020 praedicti
1270 2966 1495 3019 Johannes
1524 2973 1567 3007 et
1597 2966 1801 3007 Matillda
1829 2967 1980 3006 dicunt

257 3040 374 3091 quod
407 3040 479 3080 ubi
511 3041 652 3081 dictus
685 3041 905 3081 walterus
937 3041 1098 3093 allegat
1129 3041 1388 3093 generaliter
1424 3040 1540 3092 quod
1575 3040 1740 3080 denarii
1774 3041 1828 3080 de
1857 3040 1980 3080 terris

257 3119 300 3153 et
332 3114 595 3154 tenementis
628 3115 670 3154 in
704 3100 850 3167 Burgo
882 3115 1107 3167 praedicto
1138 3114 1325 3154 venditis
1358 3114 1529 3166 recepti,
1553 3120 1596 3154 et
1625 3114 1667 3153 in
1691 3113 1830 3154 forma
1858 3127 1980 3166 prae-

257 3187 375 3227 dicta
397 3188 614 3240 exspensi‚
639 3188 793 3228 mulier
814 3189 868 3228 de
891 3189 1055 3228 eisdem
1082 3188 1204 3228 terris
1226 3194 1269 3228 et
1290 3188 1552 3228 tenementis
1575 3187 1716 3227 dotari
1740 3200 1826 3226 non
1850 3187 1981 3227 debet

258 3267 357 3312 post
392 3267 577 3301 mortem
612 3260 690 3301 viri
724 3262 800 3310 sui,
831 3263 948 3314 quod
981 3262 1253 3302 consuetudo
1284 3261 1412 3302 villae
1443 3261 1692 3314 praedictae
1723 3260 1981 3313 generaliter

258 3333 355 3374 talis
385 3347 471 3373 non
502 3341 567 3374 est
596 3334 676 3374 nisi
707 3335 867 3390 allegat
891 3335 1068 3387 aliquod
1095 3335 1282 3387 speciale
1309 3335 1519 3384 additum,
1542 3334 1660 3375 velut
1681 3333 1979 3374 venditionem
