<?xml version="1.0" encoding="UTF-8"?>
<!DOCTYPE html PUBLIC "-//W3C//DTD XHTML 1.0 Transitional//EN"
    "http://www.w3.org/TR/xhtml1/DTD/xhtml1-transitional.dtd">
<html xmlns="http://www.w3.org/1999/xhtml" xml:lang="en" lang="en">
 <head>
  <title>
</title>
<meta http-equiv="Content-Type" content="text/html;charset=utf-8" />
  <meta name='ocr-system' content='tesseract 3.04.00' />
  <meta name='ocr-capabilities' content='ocr_page ocr_carea ocr_par ocr_line ocrx_word'/>
</head>
<body>
  <div class='ocr_page' id='page_1' title='image "./recordsofborough01nott_0118.png"; bbox 0 0 2198 3845; ppageno 0'>
   <div class='ocr_carea' id='block_1_1' title="bbox 305 417 2026 470">
    <p class='ocr_par' dir='ltr' id='par_1_1' title="bbox 305 417 2026 470">
     <span class='ocr_line' id='line_1_1' title="bbox 305 417 2026 470; baseline -0.001 -13"><span class='ocrx_word' id='word_1_1' title='bbox 305 427 361 467; x_wconf 85' lang='lat'>94</span> <span class='ocrx_word' id='word_1_2' title='bbox 573 426 791 460; x_wconf 87' lang='lat' dir='ltr'>RECORDS</span> <span class='ocrx_word' id='word_1_3' title='bbox 824 427 883 460; x_wconf 89' lang='lat' dir='ltr'>OF</span> <span class='ocrx_word' id='word_1_4' title='bbox 916 428 1016 459; x_wconf 90' lang='lat' dir='ltr'>THE</span> <span class='ocrx_word' id='word_1_5' title='bbox 1050 427 1285 460; x_wconf 86' lang='lat' dir='ltr'>BOROUGH</span> <span class='ocrx_word' id='word_1_6' title='bbox 1319 427 1379 460; x_wconf 89' lang='lat' dir='ltr'>OF</span> <span class='ocrx_word' id='word_1_7' title='bbox 1414 427 1762 459; x_wconf 84' lang='lat' dir='ltr'>NOTTINGHAM.</span> <span class='ocrx_word' id='word_1_8' title='bbox 1899 417 2026 470; x_wconf 82' lang='lat'>[1323</span> 
     </span>
    </p>
   </div>
   <div class='ocr_carea' id='block_1_2' title="bbox 305 547 2028 1119">
    <p class='ocr_par' dir='ltr' id='par_1_2' title="bbox 305 547 2028 677">
     <span class='ocr_line' id='line_1_2' title="bbox 306 547 2028 602; baseline -0.001 -13"><span class='ocrx_word' id='word_1_9' title='bbox 306 547 466 589; x_wconf 82' lang='lat' dir='ltr'><strong>ibidem</strong></span> <span class='ocrx_word' id='word_1_10' title='bbox 510 563 785 590; x_wconf 88' lang='lat' dir='ltr'>commorans</span> <span class='ocrx_word' id='word_1_11' title='bbox 829 550 869 590; x_wconf 92' lang='lat' dir='ltr'>in</span> <span class='ocrx_word' id='word_1_12' title='bbox 908 549 1189 599; x_wconf 76' lang='lat' dir='ltr'>fraternitate,</span> <span class='ocrx_word' id='word_1_13' title='bbox 1228 557 1388 590; x_wconf 88' lang='lat' dir='ltr'>testare</span> <span class='ocrx_word' id='word_1_14' title='bbox 1430 563 1516 589; x_wconf 88' lang='lat' dir='ltr'>non</span> <span class='ocrx_word' id='word_1_15' title='bbox 1561 555 1767 602; x_wconf 90' lang='lat' dir='ltr'>poterunt</span> <span class='ocrx_word' id='word_1_16' title='bbox 1808 549 1862 589; x_wconf 88' lang='lat' dir='ltr'>de</span> <span class='ocrx_word' id='word_1_17' title='bbox 1903 548 2028 589; x_wconf 90' lang='lat' dir='ltr'>bonis</span> 
     </span>
     <span class='ocr_line' id='line_1_3' title="bbox 305 622 1797 677; baseline -0.001 -14"><span class='ocrx_word' id='word_1_18' title='bbox 305 623 473 672; x_wconf 88' lang='lat' dir='ltr'>domus,</span> <span class='ocrx_word' id='word_1_19' title='bbox 496 637 575 664; x_wconf 92' lang='lat' dir='ltr'>nec</span> <span class='ocrx_word' id='word_1_20' title='bbox 598 623 760 676; x_wconf 90' lang='lat' dir='ltr'>aliquid</span> <span class='ocrx_word' id='word_1_21' title='bbox 784 624 1006 677; x_wconf 89' lang='lat' dir='ltr'>proprium</span> <span class='ocrx_word' id='word_1_22' title='bbox 1029 623 1199 672; x_wconf 89' lang='lat' dir='ltr'>habere,</span> <span class='ocrx_word' id='word_1_23' title='bbox 1223 630 1270 664; x_wconf 92' lang='lat' dir='ltr'>ut</span> <span class='ocrx_word' id='word_1_24' title='bbox 1293 623 1411 663; x_wconf 91' lang='lat' dir='ltr'>dicta</span> <span class='ocrx_word' id='word_1_25' title='bbox 1432 622 1582 675; x_wconf 80' lang='lat' dir='ltr'>regula</span> <span class='ocrx_word' id='word_1_26' title='bbox 1603 628 1797 663; x_wconf 89' lang='lat' dir='ltr'>testatur.</span> 
     </span>
    </p>

    <p class='ocr_par' dir='ltr' id='par_1_3' title="bbox 305 696 2028 958">
     <span class='ocr_line' id='line_1_4' title="bbox 392 696 2028 750; baseline -0.001 -13"><span class='ocrx_word' id='word_1_27' title='bbox 392 697 516 746; x_wconf 91' lang='lat' dir='ltr'>Item,</span> <span class='ocrx_word' id='word_1_28' title='bbox 546 697 600 737; x_wconf 89' lang='lat' dir='ltr'>ad</span> <span class='ocrx_word' id='word_1_29' title='bbox 634 710 798 737; x_wconf 88' lang='lat' dir='ltr'>nonum</span> <span class='ocrx_word' id='word_1_30' title='bbox 832 697 1072 746; x_wconf 87' lang='lat' dir='ltr'>articulum,</span> <span class='ocrx_word' id='word_1_31' title='bbox 1096 698 1247 737; x_wconf 88' lang='lat' dir='ltr'>dicunt</span> <span class='ocrx_word' id='word_1_32' title='bbox 1279 697 1397 750; x_wconf 91' lang='lat' dir='ltr'>quod</span> <span class='ocrx_word' id='word_1_33' title='bbox 1430 697 1596 736; x_wconf 86' lang='lat' dir='ltr'>dictum</span> <span class='ocrx_word' id='word_1_34' title='bbox 1629 696 1845 749; x_wconf 89' lang='lat' dir='ltr'>hospitale</span> <span class='ocrx_word' id='word_1_35' title='bbox 1874 696 1934 737; x_wconf 92' lang='lat' dir='ltr'>ita</span> <span class='ocrx_word' id='word_1_36' title='bbox 1966 696 2028 736; x_wconf 88' lang='lat' dir='ltr'>in-</span> 
     </span>
     <span class='ocr_line' id='line_1_5' title="bbox 305 770 2024 824; baseline 0 -14"><span class='ocrx_word' id='word_1_37' title='bbox 305 771 526 823; x_wconf 82' lang='lat' dir='ltr'>tegraliter</span> <span class='ocrx_word' id='word_1_38' title='bbox 548 771 817 811; x_wconf 88' lang='lat' dir='ltr'>destructum</span> <span class='ocrx_word' id='word_1_39' title='bbox 847 777 890 811; x_wconf 88' lang='lat' dir='ltr'>et</span> <span class='ocrx_word' id='word_1_40' title='bbox 919 770 1234 811; x_wconf 77' lang='lat' dir='ltr'>adnichilatum</span> <span class='ocrx_word' id='word_1_41' title='bbox 1265 778 1340 820; x_wconf 88' lang='lat' dir='ltr'>est,</span> <span class='ocrx_word' id='word_1_42' title='bbox 1364 771 1493 824; x_wconf 90' lang='lat' dir='ltr'>quod,</span> <span class='ocrx_word' id='word_1_43' title='bbox 1517 771 1682 824; x_wconf 79' lang='lat' dir='ltr'>absque</span> <span class='ocrx_word' id='word_1_44' title='bbox 1704 771 1844 824; x_wconf 81' lang='lat' dir='ltr'>gratia</span> <span class='ocrx_word' id='word_1_45' title='bbox 1866 771 2024 820; x_wconf 88' lang='lat' dir='ltr'>divina,</span> 
     </span>
     <span class='ocr_line' id='line_1_6' title="bbox 305 844 2024 898; baseline 0.001 -15"><span class='ocrx_word' id='word_1_46' title='bbox 305 844 486 884; x_wconf 93' lang='lat' dir='ltr'>consilio</span> <span class='ocrx_word' id='word_1_47' title='bbox 527 851 569 885; x_wconf 91' lang='lat' dir='ltr'>et</span> <span class='ocrx_word' id='word_1_48' title='bbox 611 845 776 885; x_wconf 77' lang='lat' dir='ltr'>auxilio</span> <span class='ocrx_word' id='word_1_49' title='bbox 814 845 994 885; x_wconf 85' lang='lat' dir='ltr'>Domini</span> <span class='ocrx_word' id='word_1_50' title='bbox 1027 844 1372 898; x_wconf 85' lang='lat' dir='ltr'>Archiepiscopi,</span> <span class='ocrx_word' id='word_1_51' title='bbox 1410 845 1613 898; x_wconf 83' lang='lat' dir='ltr'>ignorant</span> <span class='ocrx_word' id='word_1_52' title='bbox 1650 845 1835 898; x_wconf 77' lang='lat' dir='ltr'>qualiter</span> <span class='ocrx_word' id='word_1_53' title='bbox 1875 851 2024 898; x_wconf 89' lang='lat' dir='ltr'>posset</span> 
     </span>
     <span class='ocr_line' id='line_1_7' title="bbox 307 917 495 958; baseline 0 -1"><span class='ocrx_word' id='word_1_54' title='bbox 307 917 495 958; x_wconf 85' lang='lat' dir='ltr'>relevari.</span> 
     </span>
    </p>

    <p class='ocr_par' dir='ltr' id='par_1_4' title="bbox 307 991 2027 1119">
     <span class='ocr_line' id='line_1_8' title="bbox 393 991 2024 1046; baseline 0 -14"><span class='ocrx_word' id='word_1_55' title='bbox 393 992 517 1040; x_wconf 88' lang='lat' dir='ltr'>Item,</span> <span class='ocrx_word' id='word_1_56' title='bbox 548 992 602 1032; x_wconf 89' lang='lat' dir='ltr'>ad</span> <span class='ocrx_word' id='word_1_57' title='bbox 635 991 853 1032; x_wconf 90' lang='lat' dir='ltr'>decimum</span> <span class='ocrx_word' id='word_1_58' title='bbox 882 992 1123 1042; x_wconf 89' lang='lat' dir='ltr'>articulum,</span> <span class='ocrx_word' id='word_1_59' title='bbox 1146 993 1297 1034; x_wconf 91' lang='lat' dir='ltr'>dicunt</span> <span class='ocrx_word' id='word_1_60' title='bbox 1327 993 1444 1046; x_wconf 90' lang='lat' dir='ltr'>quod</span> <span class='ocrx_word' id='word_1_61' title='bbox 1480 992 1679 1034; x_wconf 90' lang='lat' dir='ltr'>solebant</span> <span class='ocrx_word' id='word_1_62' title='bbox 1713 992 1873 1033; x_wconf 87' lang='lat' dir='ltr'>habere</span> <span class='ocrx_word' id='word_1_63' title='bbox 1907 1005 2024 1032; x_wconf 91' lang='lat' dir='ltr'>com-</span> 
     </span>
     <span class='ocr_line' id='line_1_9' title="bbox 307 1065 2027 1119; baseline 0 -14"><span class='ocrx_word' id='word_1_64' title='bbox 307 1079 437 1105; x_wconf 90' lang='lat' dir='ltr'>mune</span> <span class='ocrx_word' id='word_1_65' title='bbox 458 1065 659 1118; x_wconf 82' lang='lat' dir='ltr'>sigillum,</span> <span class='ocrx_word' id='word_1_66' title='bbox 682 1072 725 1107; x_wconf 91' lang='lat' dir='ltr'>et</span> <span class='ocrx_word' id='word_1_67' title='bbox 747 1066 906 1106; x_wconf 90' lang='lat' dir='ltr'>habere</span> <span class='ocrx_word' id='word_1_68' title='bbox 929 1066 1150 1107; x_wconf 87' lang='lat' dir='ltr'>deberent.</span> <span class='ocrx_word' id='word_1_69' title='bbox 1749 1077 1873 1118; x_wconf 84' lang='lat'>4770,</span> <span class='ocrx_word' id='word_1_70' title='bbox 1896 1081 1933 1119; x_wconf 90' lang='lat' dir='ltr'>p.</span> <span class='ocrx_word' id='word_1_71' title='bbox 1966 1076 2027 1117; x_wconf 85' lang='lat'>15.</span> 
     </span>
    </p>
   </div>
   <div class='ocr_carea' id='block_1_3' title="bbox 634 1239 1696 1382">
    <p class='ocr_par' dir='ltr' id='par_1_5' title="bbox 634 1239 1696 1382">
     <span class='ocr_line' id='line_1_10' title="bbox 634 1239 1696 1292; baseline 0.002 -14"><span class='ocrx_word' id='word_1_72' title='bbox 634 1239 763 1279; x_wconf 82' lang='lat' dir='ltr'>XLV</span> <span class='ocrx_word' id='word_1_73' title='bbox 771 1239 901 1279; x_wconf 74' lang='lat' dir='ltr'>I.-A</span> <span class='ocrx_word' id='word_1_74' title='bbox 911 1239 1124 1291; x_wconf 72' lang='lat' dir='ltr'>ly&#39;nl‘alimz</span> <span class='ocrx_word' id='word_1_75' title='bbox 1146 1240 1201 1291; x_wconf 80' lang='lat' dir='ltr'>of</span> <span class='ocrx_word' id='word_1_76' title='bbox 1213 1239 1279 1279; x_wconf 66' lang='lat' dir='ltr'>tlec</span> <span class='ocrx_word' id='word_1_77' title='bbox 1301 1246 1411 1280; x_wconf 63' lang='lat' dir='ltr'>loten</span> <span class='ocrx_word' id='word_1_78' title='bbox 1435 1239 1484 1292; x_wconf 77' lang='lat' dir='ltr'>by</span> <span class='ocrx_word' id='word_1_79' title='bbox 1504 1254 1531 1280; x_wconf 81' lang='lat' dir='ltr'>a</span> <span class='ocrx_word' id='word_1_80' title='bbox 1561 1240 1696 1292; x_wconf 74' lang='lat' dir='ltr'>Tln&#39;ef.</span> 
     </span>
     <span class='ocr_line' id='line_1_11' title="bbox 994 1330 1347 1382; baseline 0 -13"><span class='ocrx_word' id='word_1_81' title='bbox 994 1341 1110 1381; x_wconf 78' lang='lat'>1323,</span> <span class='ocrx_word' id='word_1_82' title='bbox 1134 1330 1260 1382; x_wconf 78' lang='lat' dir='ltr'>April</span> <span class='ocrx_word' id='word_1_83' title='bbox 1286 1341 1347 1381; x_wconf 80' lang='lat'>27.</span> 
     </span>
    </p>
   </div>
   <div class='ocr_carea' id='block_1_4' title="bbox 304 1435 2030 2082">
    <p class='ocr_par' dir='ltr' id='par_1_6' title="bbox 304 1435 2030 2082">
     <span class='ocr_line' id='line_1_12' title="bbox 393 1435 2028 1489; baseline -0.001 -12"><span class='ocrx_word' id='word_1_84' title='bbox 393 1436 606 1477; x_wconf 89' lang='lat' dir='ltr'>Ricardus</span> <span class='ocrx_word' id='word_1_85' title='bbox 640 1436 695 1476; x_wconf 90' lang='lat' dir='ltr'>de</span> <span class='ocrx_word' id='word_1_86' title='bbox 730 1435 940 1489; x_wconf 81' lang='lat' dir='ltr'>Buckeby</span> <span class='ocrx_word' id='word_1_87' title='bbox 962 1443 1115 1489; x_wconf 90' lang='lat' dir='ltr'>captus</span> <span class='ocrx_word' id='word_1_88' title='bbox 1150 1435 1229 1477; x_wconf 90' lang='lat' dir='ltr'>fuit</span> <span class='ocrx_word' id='word_1_89' title='bbox 1263 1450 1362 1477; x_wconf 90' lang='lat' dir='ltr'>cum</span> <span class='ocrx_word' id='word_1_90' title='bbox 1397 1437 1589 1489; x_wconf 91' lang='lat' dir='ltr'>quodam</span> <span class='ocrx_word' id='word_1_91' title='bbox 1625 1443 1776 1489; x_wconf 88' lang='lat' dir='ltr'>tapeto</span> <span class='ocrx_word' id='word_1_92' title='bbox 1810 1435 1952 1477; x_wconf 90' lang='lat' dir='ltr'>furato</span> <span class='ocrx_word' id='word_1_93' title='bbox 1986 1435 2028 1476; x_wconf 92' lang='lat' dir='ltr'>in</span> 
     </span>
     <span class='ocr_line' id='line_1_13' title="bbox 306 1510 2028 1564; baseline 0 -14"><span class='ocrx_word' id='word_1_94' title='bbox 306 1510 591 1563; x_wconf 79' lang='lat' dir='ltr'>Notingham,</span> <span class='ocrx_word' id='word_1_95' title='bbox 625 1510 666 1550; x_wconf 87' lang='lat' dir='ltr'>in</span> <span class='ocrx_word' id='word_1_96' title='bbox 700 1511 834 1551; x_wconf 91' lang='lat' dir='ltr'>domo</span> <span class='ocrx_word' id='word_1_97' title='bbox 867 1511 1067 1551; x_wconf 89' lang='lat' dir='ltr'>Thomae</span> <span class='ocrx_word' id='word_1_98' title='bbox 1102 1511 1269 1551; x_wconf 85' lang='lat' dir='ltr'>Leucas</span> <span class='ocrx_word' id='word_1_99' title='bbox 1299 1512 1353 1551; x_wconf 90' lang='lat' dir='ltr'>de</span> <span class='ocrx_word' id='word_1_100' title='bbox 1380 1511 1666 1564; x_wconf 79' lang='lat' dir='ltr'>Notingham,</span> <span class='ocrx_word' id='word_1_101' title='bbox 1697 1517 1739 1551; x_wconf 91' lang='lat' dir='ltr'>et</span> <span class='ocrx_word' id='word_1_102' title='bbox 1774 1511 1828 1550; x_wconf 89' lang='lat' dir='ltr'>ad</span> <span class='ocrx_word' id='word_1_103' title='bbox 1864 1517 2028 1550; x_wconf 90' lang='lat' dir='ltr'>sectam</span> 
     </span>
     <span class='ocr_line' id='line_1_14' title="bbox 304 1584 2030 1638; baseline 0.001 -14"><span class='ocrx_word' id='word_1_104' title='bbox 304 1584 408 1624; x_wconf 91' lang='lat' dir='ltr'>dicti</span> <span class='ocrx_word' id='word_1_105' title='bbox 443 1584 654 1633; x_wconf 91' lang='lat' dir='ltr'>Thomae,</span> <span class='ocrx_word' id='word_1_106' title='bbox 689 1591 732 1625; x_wconf 92' lang='lat' dir='ltr'>et</span> <span class='ocrx_word' id='word_1_107' title='bbox 766 1585 820 1624; x_wconf 91' lang='lat' dir='ltr'>ad</span> <span class='ocrx_word' id='word_1_108' title='bbox 857 1585 984 1625; x_wconf 87' lang='lat' dir='ltr'>istam</span> <span class='ocrx_word' id='word_1_109' title='bbox 1022 1585 1210 1634; x_wconf 89' lang='lat' dir='ltr'>Curiam,</span> <span class='ocrx_word' id='word_1_110' title='bbox 1246 1592 1470 1626; x_wconf 87' lang='lat' dir='ltr'>arrenatus</span> <span class='ocrx_word' id='word_1_111' title='bbox 1499 1592 1565 1626; x_wconf 89' lang='lat' dir='ltr'>est</span> <span class='ocrx_word' id='word_1_112' title='bbox 1598 1586 1823 1638; x_wconf 92' lang='lat' dir='ltr'>quomodo</span> <span class='ocrx_word' id='word_1_113' title='bbox 1856 1598 1902 1625; x_wconf 88' lang='lat' dir='ltr'>se</span> <span class='ocrx_word' id='word_1_114' title='bbox 1937 1584 2030 1626; x_wconf 81' lang='lat' dir='ltr'>vult</span> 
     </span>
     <span class='ocr_line' id='line_1_15' title="bbox 305 1658 2030 1712; baseline 0.001 -14"><span class='ocrx_word' id='word_1_115' title='bbox 305 1658 526 1711; x_wconf 90' lang='lat' dir='ltr'>aquietare</span> <span class='ocrx_word' id='word_1_116' title='bbox 569 1659 623 1699; x_wconf 92' lang='lat' dir='ltr'>de</span> <span class='ocrx_word' id='word_1_117' title='bbox 665 1659 783 1699; x_wconf 90' lang='lat' dir='ltr'>dicto</span> <span class='ocrx_word' id='word_1_118' title='bbox 825 1658 966 1708; x_wconf 88' lang='lat' dir='ltr'>furto;</span> <span class='ocrx_word' id='word_1_119' title='bbox 1017 1659 1122 1699; x_wconf 87' lang='lat' dir='ltr'>dicit</span> <span class='ocrx_word' id='word_1_120' title='bbox 1159 1673 1287 1712; x_wconf 90' lang='lat' dir='ltr'>super</span> <span class='ocrx_word' id='word_1_121' title='bbox 1328 1659 1490 1699; x_wconf 88' lang='lat' dir='ltr'>bonam</span> <span class='ocrx_word' id='word_1_122' title='bbox 1533 1659 1859 1712; x_wconf 77' lang='lat' dir='ltr'>inquisitionem</span> <span class='ocrx_word' id='word_1_123' title='bbox 1901 1659 2030 1699; x_wconf 80' lang='lat' dir='ltr'>villae</span> 
     </span>
     <span class='ocr_line' id='line_1_16' title="bbox 306 1732 2030 1787; baseline 0.001 -15"><span class='ocrx_word' id='word_1_124' title='bbox 306 1732 593 1785; x_wconf 82' lang='lat' dir='ltr'>Notingham’</span> <span class='ocrx_word' id='word_1_125' title='bbox 613 1748 620 1773; x_wconf 93' lang='lat'>:</span> <span class='ocrx_word' id='word_1_126' title='bbox 652 1746 764 1785; x_wconf 90' lang='lat' dir='ltr'>quae</span> <span class='ocrx_word' id='word_1_127' title='bbox 782 1733 910 1782; x_wconf 81' lang='lat' dir='ltr'>venit,</span> <span class='ocrx_word' id='word_1_128' title='bbox 934 1740 976 1774; x_wconf 91' lang='lat' dir='ltr'>et</span> <span class='ocrx_word' id='word_1_129' title='bbox 999 1734 1113 1783; x_wconf 88' lang='lat' dir='ltr'>dicit,</span> <span class='ocrx_word' id='word_1_130' title='bbox 1138 1747 1266 1786; x_wconf 89' lang='lat' dir='ltr'>super</span> <span class='ocrx_word' id='word_1_131' title='bbox 1288 1740 1610 1775; x_wconf 88' lang='lat' dir='ltr'>sacramentum</span> <span class='ocrx_word' id='word_1_132' title='bbox 1634 1747 1772 1783; x_wconf 89' lang='lat' dir='ltr'>suum,</span> <span class='ocrx_word' id='word_1_133' title='bbox 1796 1734 1914 1787; x_wconf 91' lang='lat' dir='ltr'>quod</span> <span class='ocrx_word' id='word_1_134' title='bbox 1937 1733 2030 1786; x_wconf 91' lang='lat' dir='ltr'>ipse</span> 
     </span>
     <span class='ocr_line' id='line_1_17' title="bbox 304 1805 2027 1861; baseline 0.001 -15"><span class='ocrx_word' id='word_1_135' title='bbox 304 1805 461 1847; x_wconf 89' lang='lat' dir='ltr'>furavit</span> <span class='ocrx_word' id='word_1_136' title='bbox 507 1807 673 1847; x_wconf 91' lang='lat' dir='ltr'>dictum</span> <span class='ocrx_word' id='word_1_137' title='bbox 718 1813 928 1860; x_wconf 88' lang='lat' dir='ltr'>tapetum,</span> <span class='ocrx_word' id='word_1_138' title='bbox 973 1808 1136 1848; x_wconf 90' lang='lat' dir='ltr'>scilicet</span> <span class='ocrx_word' id='word_1_139' title='bbox 1177 1808 1476 1861; x_wconf 81' lang='lat' dir='ltr'>appreciatum</span> <span class='ocrx_word' id='word_1_140' title='bbox 1519 1809 1573 1849; x_wconf 89' lang='lat' dir='ltr'>ad</span> <span class='ocrx_word' id='word_1_141' title='bbox 1613 1808 1711 1861; x_wconf 89' lang='lat' dir='ltr'>vijd.</span> <span class='ocrx_word' id='word_1_142' title='bbox 1791 1808 1898 1848; x_wconf 91' lang='lat' dir='ltr'>Ideo</span> <span class='ocrx_word' id='word_1_143' title='bbox 1940 1821 2027 1848; x_wconf 91' lang='lat' dir='ltr'>non</span> 
     </span>
     <span class='ocr_line' id='line_1_18' title="bbox 304 1877 2028 1936; baseline 0.001 -16"><span class='ocrx_word' id='word_1_144' title='bbox 304 1877 637 1936; x_wconf 90' lang='lat' dir='ltr'>sus[pendatur]</span> <span class='ocrx_word' id='word_1_145' title='bbox 674 1887 852 1934; x_wconf 88' lang='lat' dir='ltr'>propter</span> <span class='ocrx_word' id='word_1_146' title='bbox 885 1895 1065 1934; x_wconf 83' lang='lat' dir='ltr'>parvam</span> <span class='ocrx_word' id='word_1_147' title='bbox 1101 1882 1421 1934; x_wconf 79' lang='lat' dir='ltr'>quantitatem:</span> <span class='ocrx_word' id='word_1_148' title='bbox 1466 1882 1564 1922; x_wconf 89' lang='lat' dir='ltr'>ideo</span> <span class='ocrx_word' id='word_1_149' title='bbox 1601 1882 1924 1922; x_wconf 86' lang='lat' dir='ltr'>consideratum</span> <span class='ocrx_word' id='word_1_150' title='bbox 1962 1888 2028 1923; x_wconf 88' lang='lat' dir='ltr'>est</span> 
     </span>
     <span class='ocr_line' id='line_1_19' title="bbox 304 1955 2028 2009; baseline 0.001 -14"><span class='ocrx_word' id='word_1_151' title='bbox 304 1955 421 2008; x_wconf 91' lang='lat' dir='ltr'>quod</span> <span class='ocrx_word' id='word_1_152' title='bbox 464 1955 711 2008; x_wconf 87' lang='lat' dir='ltr'>praedictus</span> <span class='ocrx_word' id='word_1_153' title='bbox 753 1955 949 1996; x_wconf 81' lang='lat' dir='ltr'>Thomas</span> <span class='ocrx_word' id='word_1_154' title='bbox 991 1955 1198 1996; x_wconf 87' lang='lat' dir='ltr'>rehabeat</span> <span class='ocrx_word' id='word_1_155' title='bbox 1238 1956 1403 1997; x_wconf 89' lang='lat' dir='ltr'>dictum</span> <span class='ocrx_word' id='word_1_156' title='bbox 1446 1962 1656 2009; x_wconf 88' lang='lat' dir='ltr'>tapetum,</span> <span class='ocrx_word' id='word_1_157' title='bbox 1698 1962 1741 1997; x_wconf 89' lang='lat' dir='ltr'>et</span> <span class='ocrx_word' id='word_1_158' title='bbox 1781 1956 2028 2009; x_wconf 89' lang='lat' dir='ltr'>praedictus</span> 
     </span>
     <span class='ocr_line' id='line_1_20' title="bbox 307 2028 2025 2082; baseline 0.001 -14"><span class='ocrx_word' id='word_1_159' title='bbox 307 2029 520 2069; x_wconf 88' lang='lat' dir='ltr'>Ricardus</span> <span class='ocrx_word' id='word_1_160' title='bbox 543 2028 714 2082; x_wconf 90' lang='lat' dir='ltr'>abjurat</span> <span class='ocrx_word' id='word_1_161' title='bbox 737 2028 893 2069; x_wconf 80' lang='lat' dir='ltr'>villam.</span> <span class='ocrx_word' id='word_1_162' title='bbox 1709 2032 1824 2082; x_wconf 86' lang='lat'>1258,</span> <span class='ocrx_word' id='word_1_163' title='bbox 1848 2044 1903 2069; x_wconf 90' lang='lat' dir='ltr'>ro.</span> <span class='ocrx_word' id='word_1_164' title='bbox 1935 2030 2025 2081; x_wconf 84' lang='lat' dir='ltr'>15d.</span> 
     </span>
    </p>
   </div>
   <div class='ocr_carea' id='block_1_5' title="bbox 402 2201 1930 2332">
    <p class='ocr_par' dir='ltr' id='par_1_7' title="bbox 402 2201 1930 2332">
     <span class='ocr_line' id='line_1_21' title="bbox 402 2201 1930 2256; baseline 0.001 -15"><span class='ocrx_word' id='word_1_165' title='bbox 402 2201 907 2242; x_wconf 68' lang='lat' dir='ltr'>XLV11.—lnstitntj0n</span> <span class='ocrx_word' id='word_1_166' title='bbox 929 2203 984 2254; x_wconf 76' lang='lat' dir='ltr'>of</span> <span class='ocrx_word' id='word_1_167' title='bbox 995 2202 1211 2243; x_wconf 71' lang='lat' dir='ltr'>Matthew</span> <span class='ocrx_word' id='word_1_168' title='bbox 1231 2203 1280 2243; x_wconf 78' lang='lat' dir='ltr'>de</span> <span class='ocrx_word' id='word_1_169' title='bbox 1302 2203 1497 2255; x_wconf 69' lang='lat' dir='ltr'>Halz&#39;fax</span> <span class='ocrx_word' id='word_1_170' title='bbox 1517 2210 1555 2243; x_wconf 75' lang='lat'>2⁴0</span> <span class='ocrx_word' id='word_1_171' title='bbox 1578 2203 1644 2244; x_wconf 78' lang='lat' dir='ltr'>tlze</span> <span class='ocrx_word' id='word_1_172' title='bbox 1666 2202 1930 2256; x_wconf 67' lang='lat' dir='ltr'>flsasterslzip</span> 
     </span>
     <span class='ocr_line' id='line_1_22' title="bbox 906 2278 1416 2332; baseline 0 -14"><span class='ocrx_word' id='word_1_173' title='bbox 906 2279 960 2329; x_wconf 74' lang='lat' dir='ltr'>af</span> <span class='ocrx_word' id='word_1_174' title='bbox 975 2278 1018 2318; x_wconf 76' lang='lat' dir='ltr'>S.</span> <span class='ocrx_word' id='word_1_175' title='bbox 1035 2278 1187 2332; x_wconf 79' lang='lat' dir='ltr'>solm&#39;s</span> <span class='ocrx_word' id='word_1_176' title='bbox 1209 2278 1416 2331; x_wconf 77' lang='lat' dir='ltr'>Hospz&#39;lal.</span> 
     </span>
    </p>
   </div>
   <div class='ocr_carea' id='block_1_6' title="bbox 924 2368 1409 2421">
    <p class='ocr_par' dir='ltr' id='par_1_8' title="bbox 924 2368 1409 2421">
     <span class='ocr_line' id='line_1_23' title="bbox 924 2368 1409 2421; baseline 0.002 -14"><span class='ocrx_word' id='word_1_177' title='bbox 924 2379 1038 2419; x_wconf 77' lang='lat'>1323,</span> <span class='ocrx_word' id='word_1_178' title='bbox 1064 2368 1325 2421; x_wconf 79' lang='lat' dir='ltr'>September</span> <span class='ocrx_word' id='word_1_179' title='bbox 1353 2379 1409 2419; x_wconf 87' lang='lat'>17.</span> 
     </span>
    </p>
   </div>
   <div class='ocr_carea' id='block_1_7' title="bbox 301 2473 2025 3338">
    <p class='ocr_par' dir='ltr' id='par_1_9' title="bbox 301 2473 2025 3338">
     <span class='ocr_line' id='line_1_24' title="bbox 390 2473 2023 2529; baseline 0.002 -16"><span class='ocrx_word' id='word_1_180' title='bbox 390 2473 732 2523; x_wconf 55' lang='lat' dir='ltr'>INVILLELMUS,</span> <span class='ocrx_word' id='word_1_181' title='bbox 777 2474 1062 2528; x_wconf 74' lang='lat' dir='ltr'>permissione</span> <span class='ocrx_word' id='word_1_182' title='bbox 1109 2475 1267 2524; x_wconf 73' lang='lat' dir='ltr'>divina,</span> <span class='ocrx_word' id='word_1_183' title='bbox 1311 2475 1600 2516; x_wconf 86' lang='lat' dir='ltr'>Eboracensis</span> <span class='ocrx_word' id='word_1_184' title='bbox 1641 2475 2023 2529; x_wconf 85' lang='lat' dir='ltr'>Archiepiscopus,</span> 
     </span>
     <span class='ocr_line' id='line_1_25' title="bbox 302 2546 2025 2602; baseline 0.002 -16"><span class='ocrx_word' id='word_1_185' title='bbox 302 2546 493 2599; x_wconf 80' lang='lat' dir='ltr'>Angliae</span> <span class='ocrx_word' id='word_1_186' title='bbox 537 2548 712 2597; x_wconf 88' lang='lat' dir='ltr'>Primas,</span> <span class='ocrx_word' id='word_1_187' title='bbox 751 2548 911 2589; x_wconf 86' lang='lat' dir='ltr'>dilecto</span> <span class='ocrx_word' id='word_1_188' title='bbox 949 2548 1035 2588; x_wconf 76' lang='lat' dir='ltr'>filio</span> <span class='ocrx_word' id='word_1_189' title='bbox 1079 2549 1273 2589; x_wconf 88' lang='lat' dir='ltr'>Domino</span> <span class='ocrx_word' id='word_1_190' title='bbox 1316 2549 1546 2590; x_wconf 87' lang='lat' dir='ltr'>Matthaeo</span> <span class='ocrx_word' id='word_1_191' title='bbox 1582 2550 1637 2590; x_wconf 90' lang='lat' dir='ltr'>de</span> <span class='ocrx_word' id='word_1_192' title='bbox 1677 2548 1872 2598; x_wconf 83' lang='lat' dir='ltr'>Halifax,</span> <span class='ocrx_word' id='word_1_193' title='bbox 1909 2562 2025 2602; x_wconf 90' lang='lat' dir='ltr'>pres-</span> 
     </span>
     <span class='ocr_line' id='line_1_26' title="bbox 302 2620 2023 2676; baseline 0.002 -16"><span class='ocrx_word' id='word_1_194' title='bbox 302 2620 467 2672; x_wconf 90' lang='lat' dir='ltr'>bytero,</span> <span class='ocrx_word' id='word_1_195' title='bbox 491 2621 686 2670; x_wconf 88' lang='lat' dir='ltr'>salutem,</span> <span class='ocrx_word' id='word_1_196' title='bbox 711 2622 908 2674; x_wconf 78' lang='lat' dir='ltr'>gratiam,</span> <span class='ocrx_word' id='word_1_197' title='bbox 932 2629 974 2662; x_wconf 91' lang='lat' dir='ltr'>et</span> <span class='ocrx_word' id='word_1_198' title='bbox 998 2622 1358 2663; x_wconf 75' lang='lat' dir='ltr'>benevolentiam.</span> <span class='ocrx_word' id='word_1_199' title='bbox 1423 2623 1491 2663; x_wconf 92' lang='lat' dir='ltr'>De</span> <span class='ocrx_word' id='word_1_200' title='bbox 1514 2630 1589 2664; x_wconf 91' lang='lat' dir='ltr'>tua</span> <span class='ocrx_word' id='word_1_201' title='bbox 1612 2623 1822 2664; x_wconf 86' lang='lat' dir='ltr'>fidelitate</span> <span class='ocrx_word' id='word_1_202' title='bbox 1845 2623 1923 2676; x_wconf 94' lang='lat' dir='ltr'>[et]</span> <span class='ocrx_word' id='word_1_203' title='bbox 1947 2624 2023 2663; x_wconf 86' lang='lat' dir='ltr'>cir-</span> 
     </span>
     <span class='ocr_line' id='line_1_27' title="bbox 302 2695 2025 2750; baseline 0.002 -17"><span class='ocrx_word' id='word_1_204' title='bbox 302 2701 554 2747; x_wconf 89' lang='lat' dir='ltr'>cumspecta</span> <span class='ocrx_word' id='word_1_205' title='bbox 583 2696 795 2736; x_wconf 84' lang='lat' dir='ltr'>industria</span> <span class='ocrx_word' id='word_1_206' title='bbox 826 2695 1106 2745; x_wconf 85' lang='lat' dir='ltr'>confidentes,</span> <span class='ocrx_word' id='word_1_207' title='bbox 1137 2703 1179 2736; x_wconf 89' lang='lat' dir='ltr'>et</span> <span class='ocrx_word' id='word_1_208' title='bbox 1209 2696 1349 2736; x_wconf 87' lang='lat' dir='ltr'>zelum</span> <span class='ocrx_word' id='word_1_209' title='bbox 1380 2710 1509 2749; x_wconf 86' lang='lat' dir='ltr'>quem</span> <span class='ocrx_word' id='word_1_210' title='bbox 1544 2698 1598 2737; x_wconf 87' lang='lat' dir='ltr'>ad</span> <span class='ocrx_word' id='word_1_211' title='bbox 1624 2697 1783 2739; x_wconf 86' lang='lat' dir='ltr'>Christi</span> <span class='ocrx_word' id='word_1_212' title='bbox 1813 2710 2025 2750; x_wconf 86' lang='lat' dir='ltr'>pauperes</span> 
     </span>
     <span class='ocr_line' id='line_1_28' title="bbox 302 2768 2024 2824; baseline 0.002 -17"><span class='ocrx_word' id='word_1_213' title='bbox 302 2768 461 2808; x_wconf 88' lang='lat' dir='ltr'>habere</span> <span class='ocrx_word' id='word_1_214' title='bbox 490 2769 725 2809; x_wconf 87' lang='lat' dir='ltr'>dinosceris</span> <span class='ocrx_word' id='word_1_215' title='bbox 755 2771 1044 2819; x_wconf 89' lang='lat' dir='ltr'>attendentes,</span> <span class='ocrx_word' id='word_1_216' title='bbox 1068 2771 1313 2811; x_wconf 85' lang='lat' dir='ltr'>custodiam</span> <span class='ocrx_word' id='word_1_217' title='bbox 1344 2777 1387 2811; x_wconf 92' lang='lat' dir='ltr'>et</span> <span class='ocrx_word' id='word_1_218' title='bbox 1416 2784 1563 2810; x_wconf 87' lang='lat' dir='ltr'>curam</span> <span class='ocrx_word' id='word_1_219' title='bbox 1597 2771 1842 2824; x_wconf 88' lang='lat' dir='ltr'>Hospitalis</span> <span class='ocrx_word' id='word_1_220' title='bbox 1874 2771 2024 2812; x_wconf 85' lang='lat' dir='ltr'>Sancti</span> 
     </span>
     <span class='ocr_line' id='line_1_29' title="bbox 301 2841 2024 2897; baseline 0.002 -17"><span class='ocrx_word' id='word_1_221' title='bbox 301 2841 514 2894; x_wconf 87' lang='lat' dir='ltr'>Johannis</span> <span class='ocrx_word' id='word_1_222' title='bbox 554 2842 778 2894; x_wconf 84' lang='lat' dir='ltr'>Baptistae</span> <span class='ocrx_word' id='word_1_223' title='bbox 815 2843 869 2883; x_wconf 88' lang='lat' dir='ltr'>cle</span> <span class='ocrx_word' id='word_1_224' title='bbox 912 2843 1216 2896; x_wconf 81' lang='lat' dir='ltr'>Nottingham,</span> <span class='ocrx_word' id='word_1_225' title='bbox 1255 2858 1331 2896; x_wconf 90' lang='lat' dir='ltr'>per</span> <span class='ocrx_word' id='word_1_226' title='bbox 1368 2845 1707 2897; x_wconf 81' lang='lat' dir='ltr'>resignationem</span> <span class='ocrx_word' id='word_1_227' title='bbox 1752 2845 1912 2897; x_wconf 81' lang='lat' dir='ltr'>Rogeri</span> <span class='ocrx_word' id='word_1_228' title='bbox 1950 2843 2024 2884; x_wconf 90' lang='lat' dir='ltr'>filii</span> 
     </span>
     <span class='ocr_line' id='line_1_30' title="bbox 304 2914 2022 2971; baseline 0.003 -18"><span class='ocrx_word' id='word_1_229' title='bbox 304 2914 478 2954; x_wconf 88' lang='lat' dir='ltr'>Ricardi</span> <span class='ocrx_word' id='word_1_230' title='bbox 509 2915 564 2955; x_wconf 90' lang='lat' dir='ltr'>de</span> <span class='ocrx_word' id='word_1_231' title='bbox 592 2915 806 2956; x_wconf 60' lang='lat' dir='ltr'>XVhatton</span> <span class='ocrx_word' id='word_1_232' title='bbox 837 2917 1042 2966; x_wconf 78' lang='lat' dir='ltr'>vacantis,</span> <span class='ocrx_word' id='word_1_233' title='bbox 1074 2924 1116 2958; x_wconf 92' lang='lat' dir='ltr'>et</span> <span class='ocrx_word' id='word_1_234' title='bbox 1148 2918 1202 2958; x_wconf 91' lang='lat' dir='ltr'>ad</span> <span class='ocrx_word' id='word_1_235' title='bbox 1234 2925 1428 2958; x_wconf 87' lang='lat' dir='ltr'>nostram</span> <span class='ocrx_word' id='word_1_236' title='bbox 1462 2918 1741 2959; x_wconf 89' lang='lat' dir='ltr'>collationem</span> <span class='ocrx_word' id='word_1_237' title='bbox 1772 2919 2022 2971; x_wconf 89' lang='lat' dir='ltr'>spectantis,</span> 
     </span>
     <span class='ocr_line' id='line_1_31' title="bbox 302 2988 2025 3042; baseline 0.003 -15"><span class='ocrx_word' id='word_1_238' title='bbox 302 3001 400 3028; x_wconf 91' lang='lat' dir='ltr'>cum</span> <span class='ocrx_word' id='word_1_239' title='bbox 436 2988 522 3028; x_wconf 92' lang='lat' dir='ltr'>suis</span> <span class='ocrx_word' id='word_1_240' title='bbox 553 2989 758 3029; x_wconf 86' lang='lat' dir='ltr'>membris</span> <span class='ocrx_word' id='word_1_241' title='bbox 788 2997 831 3030; x_wconf 92' lang='lat' dir='ltr'>et</span> <span class='ocrx_word' id='word_1_242' title='bbox 860 2991 1132 3042; x_wconf 89' lang='lat' dir='ltr'>pertinentiis</span> <span class='ocrx_word' id='word_1_243' title='bbox 1162 2992 1381 3040; x_wconf 81' lang='lat' dir='ltr'>universis,</span> <span class='ocrx_word' id='word_1_244' title='bbox 1405 3005 1492 3032; x_wconf 91' lang='lat' dir='ltr'>una</span> <span class='ocrx_word' id='word_1_245' title='bbox 1523 3005 1622 3031; x_wconf 92' lang='lat' dir='ltr'>cum</span> <span class='ocrx_word' id='word_1_246' title='bbox 1646 2992 2025 3033; x_wconf 84' lang='lat' dir='ltr'>administratione</span> 
     </span>
     <span class='ocr_line' id='line_1_32' title="bbox 302 3061 2023 3118; baseline 0.003 -18"><span class='ocrx_word' id='word_1_247' title='bbox 302 3061 515 3101; x_wconf 90' lang='lat' dir='ltr'>bonorum</span> <span class='ocrx_word' id='word_1_248' title='bbox 539 3069 629 3102; x_wconf 91' lang='lat' dir='ltr'>tam</span> <span class='ocrx_word' id='word_1_249' title='bbox 653 3063 941 3115; x_wconf 83' lang='lat' dir='ltr'>spiritualium</span> <span class='ocrx_word' id='word_1_250' title='bbox 965 3077 1096 3116; x_wconf 91' lang='lat' dir='ltr'>quam</span> <span class='ocrx_word' id='word_1_251' title='bbox 1121 3065 1428 3118; x_wconf 89' lang='lat' dir='ltr'>temporalium</span> <span class='ocrx_word' id='word_1_252' title='bbox 1452 3065 1648 3118; x_wconf 86' lang='lat' dir='ltr'>ejusdem</span> <span class='ocrx_word' id='word_1_253' title='bbox 1672 3065 1911 3118; x_wconf 89' lang='lat' dir='ltr'>hospitalis,</span> <span class='ocrx_word' id='word_1_254' title='bbox 1934 3066 2023 3116; x_wconf 90' lang='lat' dir='ltr'>tibi,</span> 
     </span>
     <span class='ocr_line' id='line_1_33' title="bbox 301 3135 2023 3192; baseline 0.003 -18"><span class='ocrx_word' id='word_1_255' title='bbox 301 3135 493 3175; x_wconf 88' lang='lat' dir='ltr'>caritatis</span> <span class='ocrx_word' id='word_1_256' title='bbox 535 3136 704 3184; x_wconf 88' lang='lat' dir='ltr'>intuitu,</span> <span class='ocrx_word' id='word_1_257' title='bbox 747 3136 1008 3177; x_wconf 90' lang='lat' dir='ltr'>conferimus</span> <span class='ocrx_word' id='word_1_258' title='bbox 1050 3139 1240 3190; x_wconf 77' lang='lat' dir='ltr'>gratiose</span> <span class='ocrx_word' id='word_1_259' title='bbox 1282 3152 1357 3191; x_wconf 89' lang='lat' dir='ltr'>per</span> <span class='ocrx_word' id='word_1_260' title='bbox 1398 3146 1659 3192; x_wconf 88' lang='lat' dir='ltr'>praesentes,</span> <span class='ocrx_word' id='word_1_261' title='bbox 1698 3147 1774 3180; x_wconf 93' lang='lat' dir='ltr'>tuo</span> <span class='ocrx_word' id='word_1_262' title='bbox 1810 3146 2023 3192; x_wconf 88' lang='lat' dir='ltr'>perpetuo</span> 
     </span>
     <span class='ocr_line' id='line_1_34' title="bbox 302 3209 2021 3265; baseline 0.003 -18"><span class='ocrx_word' id='word_1_263' title='bbox 302 3209 640 3260; x_wconf 90' lang='lat' dir='ltr'>possidendam:</span> <span class='ocrx_word' id='word_1_264' title='bbox 672 3211 845 3262; x_wconf 83' lang='lat' dir='ltr'>proviso</span> <span class='ocrx_word' id='word_1_265' title='bbox 874 3211 991 3263; x_wconf 91' lang='lat' dir='ltr'>quod</span> <span class='ocrx_word' id='word_1_266' title='bbox 1024 3225 1157 3251; x_wconf 89' lang='lat' dir='ltr'>onera</span> <span class='ocrx_word' id='word_1_267' title='bbox 1189 3212 1330 3252; x_wconf 88' lang='lat' dir='ltr'>eidem</span> <span class='ocrx_word' id='word_1_268' title='bbox 1364 3212 1568 3265; x_wconf 88' lang='lat' dir='ltr'>hospitali</span> <span class='ocrx_word' id='word_1_269' title='bbox 1602 3213 1900 3252; x_wconf 88' lang='lat' dir='ltr'>incumbentia</span> <span class='ocrx_word' id='word_1_270' title='bbox 1931 3226 2021 3253; x_wconf 91' lang='lat' dir='ltr'>sus-</span> 
     </span>
     <span class='ocr_line' id='line_1_35' title="bbox 302 3282 2021 3338; baseline 0.003 -17"><span class='ocrx_word' id='word_1_271' title='bbox 302 3282 515 3322; x_wconf 89' lang='lat' dir='ltr'>tentando</span> <span class='ocrx_word' id='word_1_272' title='bbox 538 3288 580 3322; x_wconf 88' lang='lat' dir='ltr'>et</span> <span class='ocrx_word' id='word_1_273' title='bbox 603 3283 885 3335; x_wconf 86' lang='lat' dir='ltr'>providendo,</span> <span class='ocrx_word' id='word_1_274' title='bbox 909 3285 1149 3324; x_wconf 88' lang='lat' dir='ltr'>secundum</span> <span class='ocrx_word' id='word_1_275' title='bbox 1178 3285 1311 3337; x_wconf 90' lang='lat' dir='ltr'>ipsius</span> <span class='ocrx_word' id='word_1_276' title='bbox 1340 3285 1568 3338; x_wconf 88' lang='lat' dir='ltr'>hospitalis</span> <span class='ocrx_word' id='word_1_277' title='bbox 1591 3285 1831 3335; x_wconf 88' lang='lat' dir='ltr'>facultates,</span> <span class='ocrx_word' id='word_1_278' title='bbox 1854 3285 2021 3336; x_wconf 89' lang='lat' dir='ltr'>subeas,</span> 
     </span>
    </p>
   </div>
   <div class='ocr_carea' id='block_1_8' title="bbox 345 3370 2016 3417">
    <p class='ocr_par' dir='ltr' id='par_1_10' title="bbox 345 3370 2016 3417">
     <span class='ocr_line' id='line_1_36' title="bbox 345 3370 2016 3417; baseline 0.004 -18"><span class='ocrx_word' id='word_1_279' title='bbox 345 3373 353 3385; x_wconf 86' lang='lat'>¹</span> <span class='ocrx_word' id='word_1_280' title='bbox 381 3370 478 3400; x_wconf 87' lang='lat' dir='ltr'>From</span> <span class='ocrx_word' id='word_1_281' title='bbox 496 3370 650 3402; x_wconf 82' lang='lat' dir='ltr'>Greaves‘</span> <span class='ocrx_word' id='word_1_282' title='bbox 667 3382 792 3413; x_wconf 74' lang='lat' dir='ltr'>paperS.</span> <span class='ocrx_word' id='word_1_283' title='bbox 838 3373 866 3403; x_wconf 91' lang='lat' dir='ltr'>It</span> <span class='ocrx_word' id='word_1_284' title='bbox 885 3372 910 3403; x_wconf 87' lang='lat' dir='ltr'>is</span> <span class='ocrx_word' id='word_1_285' title='bbox 928 3373 1061 3404; x_wconf 84' lang='lat' dir='ltr'>entered</span> <span class='ocrx_word' id='word_1_286' title='bbox 1080 3373 1111 3404; x_wconf 92' lang='lat' dir='ltr'>in</span> <span class='ocrx_word' id='word_1_287' title='bbox 1126 3374 1336 3415; x_wconf 81' lang='lat' dir='ltr'>Archbishop</span> <span class='ocrx_word' id='word_1_288' title='bbox 1350 3373 1506 3406; x_wconf 81' lang='lat' dir='ltr'>Melton&#39;s</span> <span class='ocrx_word' id='word_1_289' title='bbox 1524 3374 1675 3415; x_wconf 87' lang='lat' dir='ltr'>Register</span> <span class='ocrx_word' id='word_1_290' title='bbox 1690 3380 1723 3406; x_wconf 82' lang='lat' dir='ltr'>at</span> <span class='ocrx_word' id='word_1_291' title='bbox 1739 3375 1843 3413; x_wconf 80' lang='lat' dir='ltr'>York‚</span> <span class='ocrx_word' id='word_1_292' title='bbox 1860 3375 1902 3407; x_wconf 87' lang='lat' dir='ltr'>fo.</span> <span class='ocrx_word' id='word_1_293' title='bbox 1921 3375 2016 3417; x_wconf 86' lang='lat' dir='ltr'>351d.</span> 
     </span>
    </p>
   </div>
  </div>
 </body>
</html>
