2198 3845
285 414 308 451 8
550 420 768 453 RECORDS
801 420 861 453 OF
894 421 994 452 THE
1026 420 1261 454 BOROUGH
1295 421 1354 453 OF
1390 420 1737 452 NOTTINGHAM.
1874 404 2006 464 [1189

280 543 412 583 etiam
436 544 490 584 de
518 544 888 597 Notingehamsir‘
911 551 954 585 et
980 545 1034 584 de
1066 544 1271 584 Derbisir’
1299 544 1444 584 venire
1469 543 1632 584 debent
1661 543 1715 582 ad
1743 542 1929 594 burgum
1952 541 2007 581 de

284 616 583 670 Notingeham
607 618 677 658 die
699 617 882 658 Veneris
905 624 948 658 et
973 617 1167 666 Sabbati,
1186 631 1284 657 cum
1303 617 1526 670 quadrigis
1549 624 1591 657 et
1614 615 1870 669 summagiis
1892 615 1980 655 suis
1999 629 2007 665 ;

282 703 360 730 nec
402 690 557 743 aliquis
595 690 704 730 infra
740 691 891 730 decem
929 691 1073 730 leucas
1115 691 1156 730 in
1201 691 1380 731 circuitu
1417 692 1472 731 de
1509 690 1809 743 Notingeham
1847 689 2007 730 tinctos

282 777 451 816 pannos
485 764 652 817 operari
685 764 826 813 debet,
859 764 939 804 nisi
973 764 1014 803 in
1048 765 1187 817 burgo
1219 765 1274 805 de
1307 765 1618 817 Notingeham.
1683 764 1742 804 Et
1773 764 1807 804 si
1841 763 2006 816 aliquis,

282 838 573 891 undecunque
604 839 669 887 sit,
703 838 745 877 in
778 838 917 891 burgo
943 838 997 877 de
1027 838 1328 891 Notingeham
1362 839 1569 879 manserit
1599 851 1686 878 uno
1716 851 1832 878 anno
1861 843 1904 878 et
1936 837 2007 877 die

283 925 380 960 uno,
413 918 610 965 tempore
642 912 760 965 pacis
790 918 833 952 et
863 912 1027 964 absque
1057 912 1317 965 calumpnia,
1351 913 1494 953 nullus
1527 919 1691 966 postea,
1725 911 1805 952 nisi
1839 925 1931 964 ego,
1964 911 2006 951 in

281 998 381 1024 cum
400 985 470 1038 jus
493 986 681 1026 habebit.
746 986 804 1026 Et
826 986 1090 1038 quicumque
1112 986 1394 1039 burgensium
1418 994 1576 1027 terram
1601 986 1729 1027 vicini
1753 986 1818 1026 sui
1841 985 2006 1034 emerit,

281 1065 323 1098 et
355 1059 597 1111 possederit
626 1073 702 1112 per
730 1073 893 1100 annum
926 1060 1143 1112 integrum
1177 1067 1219 1100 et
1251 1061 1366 1100 diem
1400 1075 1535 1101 unum
1566 1061 1731 1114 absque
1759 1059 2010 1113 calumpnia

281 1139 511 1185 parentum
535 1134 774 1182 vendentis,
796 1134 829 1173 si
854 1134 894 1173 in
919 1133 1084 1186 Anglia
1106 1133 1274 1183 fuerint,
1299 1141 1451 1187 postea
1469 1148 1565 1175 eam
1589 1135 1734 1188 quiete
1757 1133 2007 1187 possidebit.

282 1207 438 1260 Neque
460 1208 710 1261 praeposito
732 1208 856 1261 burgi
880 1208 935 1248 de
964 1208 1264 1261 Notingeham
1289 1209 1478 1262 aliquem
1508 1209 1790 1263 burgensium
1815 1208 2008 1261 calump-

281 1281 416 1321 nianti
441 1283 766 1335 respondeatur,
786 1282 865 1322 nisi
889 1282 997 1322 alius
1021 1281 1147 1323 fucrit
1171 1290 1397 1324 accusator
1419 1284 1460 1323 in
1480 1298 1619 1325 causa.
1685 1284 1743 1324 Et
1761 1283 2009 1336 quicunque

280 1354 340 1408 [in
372 1355 511 1409 burgo
544 1356 780 1409 ma]nserit,
811 1356 1108 1409 cujuscunque
1138 1356 1252 1397 feodi
1285 1357 1351 1406 sit,
1382 1358 1561 1398 reddere
1590 1357 1721 1398 debet
1750 1356 1878 1397 simul
1909 1370 2007 1396 cum

280 1429 567 1482 burgensibus
594 1430 781 1483 tailagia,
812 1437 855 1471 et
881 1430 1076 1471 defectus
1103 1430 1225 1483 burgi
1254 1431 1503 1484 adimplere.
1573 1432 1741 1473 Omnes
1771 1431 1902 1471 etiam
1931 1431 2004 1483 qui

281 1502 353 1555 [ad
378 1502 538 1557 forum]
568 1505 622 1544 de
647 1504 945 1557 Notingeham
969 1504 1166 1545 venerint
1189 1518 1213 1544 a
1235 1519 1413 1558 vespere
1435 1505 1557 1559 die[i]
1587 1505 1772 1546 Veneris
1794 1518 1931 1557 usque
1954 1504 2008 1544 ad

282 1591 509 1630 vesperam
547 1578 742 1627 Sabbati,
775 1592 861 1618 non
899 1579 1147 1619 namicntur
1182 1578 1261 1618 nisi
1300 1593 1378 1632 pro
1411 1578 1534 1619 firma
1567 1593 1673 1620 mea.
1753 1579 1811 1619 Et
1844 1578 1924 1618 iter
1955 1578 2009 1618 dc

280 1651 444 1692 Trente
471 1651 690 1705 [liberum]
721 1666 814 1692 esse
846 1652 977 1693 debet
1006 1652 1314 1706 navigantibus
1344 1660 1558 1706 quantum
1586 1653 1751 1707 pertica
1776 1666 1864 1693 una
1891 1652 2003 1705 opti-

281 1724 400 1766 nebit
423 1739 480 1766 ex
504 1732 688 1778 utraque
711 1732 833 1779 parte
856 1725 913 1765 fili
937 1740 1085 1779 aquae.

369 1799 596 1840 Praeterea
619 1800 809 1840 concessi
833 1800 977 1849 ctiam,
1000 1801 1055 1840 de
1077 1801 1252 1854 proprio
1275 1801 1392 1841 dono
1423 1815 1531 1852 meo,
1555 1808 1598 1843 ct
1628 1802 1708 1842 hac
1732 1815 1829 1841 mea
1853 1800 2008 1854 [carta]

280 1872 533 1914 confirmavi
557 1873 721 1914 eisdem
746 1874 889 1914 liberis
913 1875 1210 1927 Burgensibus
1234 1875 1352 1925 meis,
1376 1876 1552 1917 Gildam
1578 1877 1885 1924 Mercatorum,
1909 1889 2007 1915 cum

280 1947 484 1988 omnibus
512 1948 785 1988 libertatibus
812 1955 854 1989 et
881 1948 1024 1989 liberis
1051 1950 1440 1990 consuetudinibus
1467 1964 1579 2003 quac
1605 1951 1660 1991 ad
1689 1950 1864 1992 Gildam
1894 1950 2008 1989 Mer-

281 2028 477 2062 catorum
513 2022 675 2063 debent
713 2022 797 2076 [vel
835 2022 996 2076 sole]nt
1033 2023 1274 2076 pertinere3
1307 2031 1349 2064 et
1387 2025 1503 2077 quod
1542 2025 1622 2078 ipsi
1660 2025 1746 2065 sint
1783 2023 1916 2077 quieti
1955 2024 2009 2064 de

281 2096 511 2137 Tholonca
538 2111 614 2150 per
640 2104 779 2138 totam
807 2105 964 2138 terram
994 2112 1148 2147 meam,
1173 2098 1283 2138 infra
1312 2100 1529 2139 nundinas
1556 2107 1598 2140 ct
1624 2106 1760 2140 extra.
1826 2099 1884 2138 Et
1911 2098 2010 2138 licet

282 2170 363 2210 illis
387 2185 516 2224 quem
540 2172 755 2213 voluerint
778 2186 834 2212 cx
861 2173 948 2212 suis
972 2173 1013 2211 in
1042 2172 1126 2212 fine
1153 2173 1254 2212 anni
1282 2174 1579 2226 praepositum
1607 2187 1733 2214 suum
1761 2172 1912 2221 facere,
1935 2172 2009 2225 qui

282 2245 336 2284 de
360 2244 484 2286 firma
507 2259 604 2286 mea
626 2260 704 2299 pro
727 2246 829 2299 ipsis
848 2247 1131 2299 respondeat,
1163 2247 1224 2287 ita
1246 2247 1364 2300 quod
1387 2248 1421 2287 si
1451 2248 1566 2289 idem
1597 2247 1870 2301 praepositus
1901 2246 2007 2287 mihi

283 2318 521 2372 displiceat,
559 2319 679 2360 illum
718 2321 773 2360 ad
810 2320 1082 2361 voluntatem
1121 2334 1264 2361 meam
1302 2322 1548 2372 removebo,
1586 2329 1629 2363 et
1665 2322 1746 2376 ipsi
1781 2321 1914 2362 alium
1952 2321 2007 2361 ad

284 2393 454 2433 libitum
488 2407 635 2434 meum
672 2394 947 2436 substituent.
1017 2395 1224 2437 Concessi
1262 2395 1394 2436 etiam
1433 2396 1597 2438 eisdem
1632 2396 1928 2450 Burgensibus
1961 2402 2009 2436 ut

284 2467 532 2520 quicunque
561 2467 617 2508 ab
646 2468 706 2508 eis
733 2469 996 2509 constitutus
1023 2468 1150 2510 fuerit
1178 2471 1452 2524 praepositus
1479 2471 1675 2524 ejusdem
1705 2471 1841 2524 burgi,
1869 2470 2009 2511 solvat

285 2540 454 2581 firmam
487 2541 684 2594 ejusdem
717 2542 842 2596 burgi
875 2543 929 2583 ad
963 2543 1232 2584 dominicum
1268 2545 1532 2586 scaccarium
1571 2559 1728 2595 meum,
1761 2545 2009 2598 ubicunque

284 2613 411 2655 fuerit
439 2615 481 2655 in
515 2615 690 2669 Anglia,
721 2617 775 2657 ad
808 2617 918 2657 duos
950 2618 1170 2668 terminos,
1203 2619 1497 2670 medietatem,
1527 2620 1700 2669 scilicet,
1727 2620 1783 2660 ad
1813 2619 2007 2660 clausum

286 2689 489 2738 Paschae,
519 2697 561 2730 et
592 2690 873 2731 medietatem
905 2690 946 2730 in
974 2691 1139 2731 octavis
1171 2692 1321 2734 Sancti
1355 2693 1593 2734 Michaelis.
1662 2693 1809 2748 Quare
1837 2693 1937 2734 volo
1966 2700 2009 2734 et

285 2761 464 2802 firmiter
489 2763 709 2816 praecipio
738 2764 855 2816 quod
886 2765 1095 2817 praedicti
1120 2765 1364 2819 Burgenses
1394 2767 1586 2809 habeant
1609 2774 1652 2808 et
1677 2774 1857 2808 teneant
1885 2781 2007 2820 prae-

284 2836 422 2876 dictas
455 2838 792 2878 consuetudines
825 2838 936 2879 bene
968 2845 1011 2880 et
1043 2839 1084 2879 in
1118 2853 1236 2893 pace,
1269 2841 1402 2882 libere
1434 2848 1476 2883 et
1508 2842 1664 2895 quiete,
1697 2841 1933 2882 honorifice
1965 2848 2008 2882 et

284 2909 472 2962 pacifice,
505 2911 697 2964 plenarie
726 2919 768 2953 et
800 2912 976 2966 integre,
1006 2913 1117 2954 sicut
1149 2914 1395 2956 habuerunt
1427 2922 1625 2970 tempore
1659 2917 1838 2957 Henrici
1873 2916 2007 2969 Regis

284 2985 433 3036 proavi
470 2985 555 3025 mei
597 2992 640 3026 et
680 2992 877 3039 tempore
921 2987 1100 3027 Henrici
1145 2988 1278 3041 Regis
1319 2990 1454 3042 patris
1496 2990 1592 3039 mei,
1634 3004 1732 3030 cum
1774 2990 2006 3043 praedictis

284 3059 531 3110 augmentis
554 3072 666 3111 quae
688 3060 748 3100 eis
766 3061 967 3100 concessi.
1033 3061 1091 3101 Et
1113 3061 1324 3114 prohibeo
1347 3076 1400 3103 ne
1418 3064 1513 3116 quis
1532 3071 1684 3105 contra
1705 3064 1817 3104 hanc
1840 3071 2004 3105 cartam

285 3144 428 3171 meam
452 3133 698 3184 praedictos
726 3134 970 3187 Burgenses
992 3149 1155 3175 vexare
1176 3143 1428 3188 praesumat
1450 3137 1493 3177 in
1521 3138 1679 3191 aliquo,
1702 3152 1831 3191 super
1852 3138 2003 3178 decern

284 3203 414 3245 libras
450 3205 657 3247 forisfacti
694 3207 787 3247 mei.
853 3207 951 3247 Hiis
983 3208 1187 3249 testibus:
1225 3209 1419 3263 Hugone
1451 3211 1736 3253 Coventrensi
1771 3211 2004 3264 Episcopo,

285 3277 388 3319 Ada
419 3278 598 3320 Abbate
626 3280 681 3321 de
709 3280 942 3330 WVellebec,
971 3281 1233 3323 Alexandro
1269 3283 1413 3324 Priore
1446 3285 1501 3325 de
1537 3285 1733 3333 Lenton,'
1767 3283 2004 3338 Aldr[edo]

287 3352 430 3393 Priore
459 3353 514 3393 de
543 3353 672 3394 Novo
703 3354 832 3403 Loco,
865 3355 1039 3408 Rogero
1065 3356 1119 3396 de
1148 3356 1278 3409 Play‚’
1306 3358 1490 3398 Girardo
1516 3359 1570 3399 de
1597 3359 1777 3407 Canvill,
1811 3358 2004 3399 Henrico
