2198 3845
288 405 365 453 196
546 412 765 444 RECORDS
798 411 857 443 OF
890 410 990 441 THE
1022 408 1257 441 BOROUGH
1290 406 1351 438 oF
1386 403 1734 438 NOTTINGHAM.
1871 391 2001 444 [1378

705 548 1070 592 CVL—Clmrter
1087 547 1141 598 of
1152 546 1202 585 K
1203 546 1280 598 ing
1296 545 1338 584 R
1344 543 1495 584 iclzam'
1512 542 1570 582 sl.

982 639 1097 687 1378,
1122 636 1247 688 April
1273 637 1306 673 8.

371 740 636 786 RICARDUS,
677 738 757 777 Dei
798 736 960 781 Gratia,
1002 736 1101 774 Rex
1139 733 1330 785 Angliae
1367 738 1409 771 et
1449 729 1669 778 Franciae,
1707 736 1749 769 et
1788 727 2006 768 Dominus

284 813 533 859 Hiberniae,
556 811 759 851 omnibus
792 811 845 850 ad
870 822 979 862 quos
1012 812 1262 860 praesentes
1296 805 1466 846 litterae
1497 802 1784 857 pervenerint,
1807 801 2004 841 salutem.

285 885 566 939 Inspeximus
589 891 753 924 cartam
780 882 958 923 Domini
984 880 1187 921 Edwardi
1219 893 1356 932 nuper
1388 878 1521 931 Regis
1544 877 1745 930 Angliae,
1769 877 1836 916 avi
1860 875 2007 924 nostri,

283 960 326 998 in
369 960 475 998 haec
523 959 673 998 verba:
726 956 1003 1004 ‘Edwardus,
1047 955 1129 995 Dei
1180 953 1354 1001 Gratia,’
1397 952 1494 1005 [etc.,
1538 950 1724 1003 recz'ting
1759 949 1928 990 clzarler
1965 949 2020 1000 of

284 1033 487 1073 Edward
502 1032 600 1080 HJ,
618 1032 696 1071 No.
721 1030 875 1083 LIV]
939 1030 1034 1069 Nos
1057 1035 1215 1076 autem,
1238 1040 1391 1066 omnes
1414 1032 1456 1066 et
1478 1024 1672 1077 singulas
1695 1022 2008 1072 concessiones,

283 1105 635 1146 confirmationes
670 1111 713 1144 et
747 1103 1043 1144 restitutiones
1078 1100 1324 1154 praedictas
1358 1106 1473 1140 ratas
1515 1098 1728 1138 habentes
1771 1103 1814 1138 et
1850 1102 2009 1149 gratas,

285 1193 367 1228 eas,
401 1193 478 1232 pro
512 1178 638 1218 nobis
673 1183 715 1218 et
749 1176 979 1217 heredibus
1014 1175 1184 1224 nostris,
1214 1181 1428 1227 quantum
1457 1173 1499 1212 in
1535 1171 1660 1212 nobis
1695 1177 1770 1221 est,
1803 1169 2010 1224 praefatis

286 1252 580 1305 Burgensibus
615 1251 742 1291 villae
775 1251 829 1291 de
868 1249 1169 1303 Notyngham,
1205 1248 1436 1288 heredibus
1474 1252 1517 1287 et
1554 1244 1874 1293 successoribus
1911 1244 2010 1294 suis,

286 1326 584 1379 Burgensibus
613 1325 809 1377 ejusdem
840 1324 977 1373 villae,
1001 1323 1281 1364 concedimus
1310 1328 1353 1362 et
1382 1319 1702 1369 confirmamus,
1726 1319 1837 1359 sicut
1866 1324 2012 1359 cartae

284 1399 534 1453 praedictae
563 1398 877 1438 rationabiliter
899 1403 1126 1445 testantur,
1150 1403 1192 1436 et
1221 1402 1350 1449 prout
1380 1395 1511 1435 iidem
1544 1394 1788 1446 Burgenses
1818 1399 1860 1433 et
1890 1398 2011 1433 ante-

285 1486 476 1513 cessores
517 1472 582 1511 sui
624 1471 896 1511 libertatibus
938 1477 980 1511 et
1023 1470 1273 1523 quietantiis
1316 1468 1549 1521 praedictis
1591 1467 1906 1507 rationabiliter
1946 1466 2011 1506 usi

285 1553 386 1586 sunt
423 1552 466 1586 et
503 1545 649 1598 gavisi.
716 1545 765 1584 In
805 1545 926 1597 cujus
964 1545 1022 1584 rei
1061 1543 1360 1584 testimonium
1400 1542 1477 1581 has
1514 1541 1679 1581 litteras
1717 1547 1887 1581 nostras
1923 1539 2011 1580 fieri

286 1620 466 1660 fecimus
489 1625 699 1672 patentes.
762 1619 896 1659 Teste
919 1632 988 1658 me
1017 1618 1111 1671 ipso
1141 1618 1256 1670 apud
1287 1615 1741 1664 xxw'cstmonasterium
1764 1621 1922 1655 octavo
1943 1614 2014 1655 die

288 1693 465 1746 Aprilis,
489 1706 605 1733 anno
628 1693 746 1745 regni
771 1693 904 1732 nostri
929 1692 1079 1745 primo.
1855 1687 2011 1729 Scarle.

376 1768 454 1806 Per
478 1767 619 1819 ipsum
646 1767 813 1819 Regem
844 1773 886 1806 et
910 1766 1154 1808 Concilium
1186 1765 1226 1804 in
1258 1764 1561 1808 Parliamento,
1584 1763 1687 1816 quia
1715 1762 1882 1803 onerati
1913 1768 2013 1802 sunt

288 1854 385 1880 cum
409 1840 658 1880 hominibus
683 1839 909 1892 Derb[iae]
933 1840 987 1880 de
1009 1839 1201 1891 quadam
1226 1837 1451 1890 balingera
1474 1836 1683 1877 facienda.
1889 1836 2012 1886 4164.

310 2070 388 2111 CV
397 2070 782 2109 II.-Assessmcnl
802 2070 856 2121 (3f
868 2069 934 2109 tlze
956 2069 1116 2120 Kl'ng's
1136 2068 1264 2108 Ferm
1289 2075 1394 2120 upon
1419 2067 1484 2107 {lle
1505 2066 1671 2106 Baket‘s
1692 2067 1746 2118 of
1758 2065 1824 2106 (lle
1853 2065 1893 2106 T
1890 2079 1993 2106 own.

917 2160 1032 2209 1378.
1059 2158 1311 2198 November
1340 2169 1396 2197 lo.

377 2267 522 2307 Alicia
561 2267 734 2314 Baxter‚
772 2278 967 2318 querens,
1005 2264 1163 2317 optulit
1206 2276 1251 2303 se
1287 2276 1434 2303 versus
1480 2262 1718 2314 Hugonem
1763 2262 1938 2314 Drapur
1974 2268 2017 2302 et

295 2341 530 2381 Ricardum
568 2340 719 2387 Lister‚
749 2353 886 2392 nuper
922 2338 1111 2379 Ballivos
1140 2337 1267 2378 villae
1305 2336 1590 2389 Notingham,
1619 2336 1674 2376 de
1708 2335 1870 2388 placito
1898 2335 2016 2388 quod

293 2415 329 2454 ei
368 2414 526 2466 injuste
559 2413 757 2454 detinent
791 2426 922 2453 unam
956 2413 1087 2452 ollam
1127 2424 1310 2459 aeream,
1343 2410 1467 2463 pretii
1498 2410 1649 2450 decern
1680 2409 1931 2458 solidorum,
1962 2409 2016 2449 ad

292 2488 534 2540 dampnum
572 2487 706 2539 ipsius
743 2486 913 2526 Aliciae
947 2487 1133 2526 duorum
1171 2485 1420 2532 solidorum,
1451 2484 1577 2532 unde,
1608 2489 1685 2523 etc.
1750 2483 1808 2523 Et
1836 2483 2018 2523 veniunt

292 2561 396 2601 dicti
432 2561 567 2613 Hugo
599 2568 641 2601 et
676 2560 900 2608 Ricardus,
923 2566 966 2600 et
998 2559 1239 2600 defendunt
1268 2559 1368 2607 vim,
1391 2564 1481 2606 etc.,
1504 2564 1547 2597 et
1576 2557 1727 2597 dicunt
1757 2557 1875 2609 quod
1902 2556 2019 2609 juste

293 2634 490 2675 detinent
524 2635 686 2674 dictam
721 2633 864 2682 ollam,
900 2639 942 2673 et
977 2646 1063 2673 non
1099 2632 1269 2685 injuste,
1305 2645 1383 2684 pro
1418 2631 1554 2672 tribus
1589 2630 1706 2670 libris
1741 2631 1797 2670 de
1829 2630 2019 2682 parcello

294 2707 444 2748 firmae
482 2708 662 2748 Domini
702 2707 846 2759 Regis,
883 2720 991 2759 quas
1026 2707 1143 2746 dicta
1180 2705 1325 2745 Alicia
1362 2711 1404 2746 et
1441 2705 1570 2745 ceteri
1607 2704 1684 2744 viri
1721 2704 1777 2744 de
1813 2709 1905 2744 arte
1941 2717 2019 2744 sua

293 2782 473 2833 pistoria
512 2781 688 2820 Ballivis
722 2780 849 2820 villae
883 2780 1132 2832 praedictae
1167 2779 1393 2819 annuatim
1429 2778 1596 2818 solvere
1629 2783 1871 2826 teneantur,
1907 2791 2020 2830 quae

294 2855 471 2906 quidem
501 2861 586 2894 tres
616 2854 750 2894 librae
778 2854 975 2894 nondum
1005 2854 1065 2893 eis
1100 2866 1179 2905 pro
1213 2859 1411 2904 tempore
1444 2851 1631 2892 ballivae
1664 2865 1768 2891 suae
1802 2864 1889 2890 non
1917 2857 2019 2891 sunt

295 2927 473 2976 solutae,
497 2927 595 2967 ideo
617 2927 768 2967 dicunt
789 2927 907 2979 quod
937 2927 1207 2979 praedictam
1238 2925 1370 2966 ollam
1401 2926 1630 2965 occasione
1659 2925 1883 2977 praedicta
1902 2925 2020 2978 Juste

295 3002 503 3049 detinent,
533 3007 576 3040 et
609 3014 695 3039 non
730 3000 899 3052 injuste,
929 3006 972 3041 et
1005 3000 1088 3040 hoc
1122 3005 1278 3052 petunt
1313 2999 1491 3051 inquiri;
1523 3005 1566 3039 et
1592 2999 1709 3039 dicta
1740 2999 1885 3038 Alicia
1916 2999 2018 3038 sim-

295 3075 415 3114 iliter.
480 3074 587 3113 Ideo
609 3080 889 3126 praeceptum
913 3080 978 3114 est
1009 3073 1186 3113 Ballivis
1208 3073 1326 3125 quod
1356 3072 1502 3112 venire
1525 3071 1686 3112 faciant
1709 3072 1782 3124 xij.
1803 3072 2019 3124 juratores

296 3149 407 3188 inter
429 3160 502 3187 eos
524 3153 676 3186 contra
697 3147 946 3199 proximam
972 3147 1179 3189 Curiam.1
1728 3146 1846 3194 1280,
1870 3159 1926 3185 ro.
1952 3147 2018 3196 3d.

360 3239 369 3252 ¹
394 3235 503 3266 There
533 3235 560 3265 is
590 3235 659 3266 also
690 3245 731 3266 an
762 3240 856 3276 entry
887 3235 923 3266 of
958 3246 977 3266 a
1015 3236 1090 3277 plea
1222 3234 1345 3266 verdict
1371 3245 1435 3265 was
1460 3235 1569 3275 given,
1598 3234 1631 3264 in
1657 3234 1737 3265 both
1763 3244 1864 3273 cases,
1890 3235 1940 3265 for
1964 3235 2020 3267 the

297 3291 414 3322 moved
434 3291 477 3331 by
491 3290 579 3331 John
597 3290 727 3328 Baxter,
747 3290 903 3321 recorded
921 3291 955 3321 in
972 3292 1089 3322 almost
1223 3289 1384 3330 plaintiff;
1413 3289 1503 3325 1280,
1525 3300 1570 3320 ro„
1593 3289 1622 3322 6,

299 3345 354 3375 the
385 3355 473 3375 same
505 3344 611 3375 words
641 3355 675 3374 as
707 3344 762 3375 the
792 3345 896 3375 above
927 3345 1011 3384 plen.
1061 3346 1090 3375 A
