2198 3845
276 418 354 458 166
535 426 754 460 REcoRDs
786 427 847 460 OF
880 427 980 459 THE
1012 426 1248 459 BOROUGH
1280 426 1341 458 OF
1375 426 1722 458 NOTTINGHAM.
1860 414 1990 471 [1357

271 549 471 589 Thomae
507 550 678 590 diversa
711 550 917 590 animalia
953 549 1008 589 ad
1043 548 1391 598 custodiendum,
1426 555 1474 589 ut
1509 547 1754 588 communis
1791 547 1992 596 serviens,

271 623 413 664 dictus
447 623 644 664 Thomas
677 624 795 664 dicta
829 623 1036 664 animalia
1068 623 1334 663 incustodita
1365 622 1540 671 dimisit,
1571 622 1631 662 ita
1662 621 1780 674 quod
1812 621 1869 661 ob
1901 620 1993 673 ejus

272 697 492 737 defectum
530 698 809 751 inpignorata
845 697 1019 737 fuerunt
1056 697 1110 737 ad
1145 697 1326 737 domum
1364 695 1573 736 willelmi
1610 695 1816 744 Taillour,
1854 694 1994 746 inpig-

273 771 501 812 noratione
523 771 645 824 cujus
668 771 784 811 idem
816 771 1030 811 Ricardus
1052 769 1205 810 habuit
1227 770 1422 822 dampna
1451 770 1505 809 ad
1528 769 1764 809 valentiam
1788 767 1996 808 dimidiae

273 857 454 894 marcae,
477 845 593 885 unde
622 844 823 897 producit
852 850 1027 885 sectam.
1093 844 1151 884 Et
1179 843 1426 896 praedictus
1455 843 1652 883 Thomas
1674 842 1803 891 venit,
1827 848 1870 882 et
1891 841 1996 882 dicit

272 919 390 971 quod
414 918 533 959 nulla
555 918 761 959 animalia
783 918 1062 972 inpignorata
1084 917 1258 958 fuerunt
1279 917 1336 957 ob
1359 917 1451 969 ejus
1474 916 1705 966 defectum,
1728 923 1771 956 et
1800 916 1882 956 1106
1904 915 1997 956 vult

273 990 492 1032 verificare
514 1005 590 1045 per
618 992 780 1033 bonam
811 991 1158 1045 inquisitionem;
1191 998 1234 1032 et
1262 991 1510 1044 praedictus
1545 991 1758 1031 Ricardus
1790 988 1995 1030 similiter.

275 1066 383 1107 Ideo
434 1073 717 1120 praeceptum
770 1073 835 1107 est
876 1067 994 1120 quod
1046 1072 1378 1107 summoneatur
1425 1065 1542 1106 bona
1583 1063 1805 1117 inquisitio
1846 1068 1999 1104 contra

273 1140 522 1193 proximam
553 1140 664 1181 inter
696 1146 840 1193 partes
870 1140 1125 1194 praedictas.
1741 1139 1857 1189 1267,
1881 1151 1936 1178 ro.
1962 1146 1996 1188 7.

410 1256 812 1296 LXXXV—Pleu
834 1270 884 1296 as
905 1263 944 1296 lo
967 1256 1033 1296 tlze
1054 1256 1351 1309 Engcsswnent
1369 1255 1424 1306 of
1434 1268 1461 1294 a
1482 1253 1651 1294 Pacleer
1669 1254 1723 1305 of
1746 1254 1758 1294 Ι
1767 1254 1801 1294 V
1798 1253 1867 1294 ool.

929 1356 1044 1397 1357,
1070 1346 1263 1388 October
1292 1358 1348 1385 11.

358 1437 584 1491 Johannes
627 1437 776 1490 Grym,
814 1450 1008 1490 querenS,
1046 1436 1206 1490 optulit
1248 1451 1293 1477 se
1334 1450 1482 1476 versus
1520 1435 1669 1475 Adam
1714 1433 1888 1482 Packer‚
1926 1433 2000 1473 de-

275 1512 538 1561 fendentem,
581 1512 636 1552 de
677 1511 839 1564 placito
880 1511 1203 1561 conventioni&
1255 1517 1298 1552 et
1339 1511 1532 1564 queritur
1573 1511 1627 1550 de
1676 1522 1727 1549 co
1768 1507 1885 1560 quod
1928 1506 2000 1546 ubi

274 1586 416 1626 dictus
452 1585 677 1638 Johannes
715 1598 814 1625 cum
853 1584 948 1638 ipso
986 1584 1089 1625 Ada
1126 1585 1329 1626 convenit
1367 1585 1421 1625 ad
1457 1583 1819 1625 commorandum
1853 1594 1999 1621 secum

275 1660 317 1700 in
355 1658 500 1700 officio
535 1660 590 1699 de
626 1658 844 1712 packyng,
881 1658 1093 1708 videlicet,
1131 1673 1157 1699 a
1193 1658 1304 1699 festo
1344 1658 1546 1707 Paschae,
1582 1671 1698 1698 anno
1735 1655 1855 1709 regni
1890 1655 2002 1708 regis

276 1746 390 1774 nunc
415 1732 599 1786 xxxjnm,
623 1747 760 1786 usque
782 1734 897 1774 idem
921 1733 1079 1774 festum
1104 1746 1220 1773 anno
1242 1733 1449 1782 revoluto,
1473 1732 1687 1785 capiendo
1708 1744 1786 1784 pro
1808 1729 2004 1783 quolibet

276 1821 403 1848 sacco
430 1807 501 1860 jd„
525 1807 640 1848 idem
671 1807 820 1848 Adam
851 1808 1187 1848 conventionem
1219 1807 1319 1848 inde
1348 1807 1460 1848 inter
1489 1820 1562 1847 eos
1592 1805 1753 1846 factam
1783 1803 1920 1856 fregit,
1944 1803 2005 1843 ita

278 1882 396 1934 quod
426 1881 483 1922 ob
506 1881 598 1934 ejus
621 1881 840 1922 defectum
870 1895 1035 1934 vagans
1065 1888 1108 1922 et
1136 1881 1301 1922 otiosus
1331 1880 1493 1929 existit,
1517 1880 1570 1920 ad
1601 1892 1732 1932 grave
1760 1879 2003 1930 dampnum

278 1955 411 2008 ipsius
446 1955 660 2008 Johannis
694 1955 847 2008 viginti
882 1955 1131 2004 solidorum,
1166 1956 1283 1996 unde
1316 1955 1517 2008 producit
1551 1960 1726 1993 sectam.
1792 1952 1850 1992 Et
1883 1964 2005 2004 prae-

278 2029 420 2069 dictus
450 2028 612 2078 Adam,
636 2042 712 2082 per
740 2035 1010 2070 attornatum
1041 2042 1178 2078 suum,
1202 2029 1332 2078 venit,
1356 2035 1398 2069 et
1428 2028 1532 2069 dicit
1561 2027 1678 2081 quod
1709 2026 1873 2067 nullam
1903 2025 2006 2065 inde

279 2103 616 2144 conventionem
640 2102 778 2156 fregit,
802 2110 844 2144 et
867 2103 948 2144 hoc
972 2109 1149 2156 paratus
1172 2109 1237 2144 est
1259 2101 1488 2143 verificare.
1749 2101 1865 2149 1268,
1889 2113 1945 2139 ro.
1975 2110 2004 2139 1.

457 2292 680 2332 LXXXV
687 2291 887 2332 L-Plea
909 2293 1060 2332 movea'
1078 2292 1126 2344 by
1138 2292 1256 2346 solen
1281 2290 1538 2344 Shakespere
1548 2291 1630 2342 for
1648 2289 1777 2330 deecit
1797 2289 1840 2329 in

868 2365 957 2406 sale
979 2366 1035 2417 of
1045 2365 1265 2417 (ὒν-πυρά
1281 2371 1320 2405 lo
1340 2365 1440 2405 stim.

922 2464 1039 2507 1357,
1065 2456 1316 2496 November
1339 2457 1372 2496 8.

371 2547 596 2599 Johannes
640 2545 925 2598 Shakespere,
963 2559 1159 2598 querens,
1198 2545 1358 2598 optulit
1399 2558 1444 2585 se
1486 2557 1633 2584 versus
1677 2542 1913 2584 Ricardum
1955 2542 2010 2582 de

286 2621 515 2673 Cotgrave,
553 2619 702 2672 spicer,
737 2618 1059 2668 defendentem,
1094 2619 1149 2659 de
1186 2619 1348 2672 placito
1385 2617 1706 2667 conventionis;
1739 2623 1782 2657 et
1818 2616 2011 2669 queritur

285 2695 339 2735 de
362 2708 412 2734 eo
437 2693 555 2747 quod
578 2693 651 2733 ubi
674 2693 816 2734 dictus
842 2692 1066 2741 Ricardus,
1090 2692 1160 2733 die
1181 2693 1302 2745 Jovis
1325 2692 1529 2745 proximo
1550 2697 1650 2744 post
1672 2690 1830 2730 festum
1855 2689 2007 2731 Sancti

288 2767 615 2808 Bartholomaei
638 2766 856 2820 Apostoli,
880 2780 996 2807 anno
1018 2766 1138 2819 regni
1162 2766 1273 2819 regis
1296 2779 1410 2806 nunc
1440 2772 1596 2805 xxme
1618 2764 1788 2817 11111110,Ι
1811 2762 2009 2803 vendidit

286 2843 428 2883 eidem
457 2840 648 2894 Johanni
677 2854 811 2881 unum
841 2839 927 2880 slz'k
948 2840 1003 2881 de
1030 2840 1238 2880 samzdres
1266 2852 1344 2892 pro
1367 2838 1524 2887 brasil',
1548 2844 1591 2878 et
1621 2836 1871 2889 manucepit
1892 2836 2010 2889 quod

287 2915 367 2956 fuit
389 2914 567 2964 brasill',
591 2920 633 2955 et
655 2914 715 2954 sic
738 2914 1073 2955 conventionem
1097 2913 1198 2954 inde
1221 2913 1332 2953 inter
1353 2926 1427 2953 eos
1450 2912 1610 2953 factam
1635 2910 1772 2964 fregit,
1795 2911 1850 2951 ad
1880 2924 2012 2963 grave

287 2990 532 3042 dampnum
567 2988 701 3041 ipsius
734 2987 950 3041 Johannis
984 2987 1137 3040 viginti
1172 2986 1421 3035 solidorum,
1452 2986 1568 3026 unde
1601 2984 1802 3038 producit
1835 2990 2010 3024 sectam.

290 3063 348 3103 Et
382 3061 630 3115 praedictus
667 3061 880 3101 Ricardus
914 3060 1042 3110 venit,
1066 3067 1109 3101 et
1138 3060 1243 3101 dicit
1272 3060 1389 3113 quod
1422 3058 1619 3100 vendidit
1650 3058 1791 3099 eidem
1820 3058 2012 3111 Johanni

289 3136 456 3176 dictum
485 3134 571 3175 stik
598 3149 677 3187 pro
708 3134 783 3176 tali
813 3135 924 3175 sicut
952 3134 1043 3184 suit,
1073 3140 1116 3175 et
1149 3134 1209 3174 sic
1243 3133 1407 3173 nullam
1438 3132 1772 3172 conventionem
1803 3130 1940 3183 fregit,
1970 3137 2014 3171 et

289 3210 371 3250 hoc
394 3209 487 3250 vult
513 3209 732 3250 verificare
761 3223 837 3262 per
865 3209 1027 3249 bonam
1057 3207 1404 3261 inquisitionem;
1436 3213 1479 3247 et
1510 3205 1758 3259 praedictus
1788 3204 2013 3258 Johannes

291 3283 497 3324 similiter.
1754 3280 1871 3328 1268,
1895 3292 1951 3318 ro.
1976 3289 2010 3317 2.

881 3374 889 3387 ¹
914 3370 1097 3410 Thursday,
1117 3370 1244 3411 August
1263 3378 1314 3409 31,
1338 3376 1429 3410 1357.
