2198 3845
273 446 352 486 292
536 440 754 472 RECORDS
787 440 846 472 OF
880 440 979 471 THE
1012 440 1247 472 BOROUGH
1281 440 1341 471 OF
1376 439 1723 471 NOTTINGHAM.
1859 428 1991 481 [1396

274 565 424 608 Sancti
457 563 670 617 Johannis
703 563 927 615 Baptistae
960 576 1075 602 anno
1104 562 1385 615 supradicto,1
1417 575 1492 615 per
1525 567 1859 609 sacramentum,
1890 559 1994 613 [eta]

275 641 333 681 Et
363 640 463 679 inde
494 639 534 678 in
567 638 649 678 ista
679 637 833 676 Assisa
861 636 1085 689 Johannes
1115 636 1261 688 XVery,
1291 636 1481 683 baxster,
1512 635 1713 675 inventus
1743 640 1808 674 est
1837 632 1995 673 deffec-

273 714 386 754 tivus
428 713 483 752 de
525 711 717 764 pondere
759 724 838 749 suo
880 710 921 749 in
965 723 1078 762 pane
1119 709 1300 750 wastelli
1336 710 1390 749 de
1427 709 1670 761 quadrante
1713 722 1788 760 per
1825 707 1997 760 pondus

273 787 379 840 viijs.
404 786 518 838 viijd.
585 785 690 824 Ideo
722 784 790 823 hic
826 783 1101 836 adjudicatur
1134 797 1228 823 esse
1262 783 1304 822 in
1340 782 1653 831 misericordia;
1688 781 1761 834 qui
1794 781 1922 830 venit,
1955 786 1998 821 et

274 860 398 913 ponit
421 873 465 899 se
496 860 536 898 in
567 858 707 911 gratia
737 857 928 910 Majoris,
951 863 994 897 et
1024 856 1152 896 solvit
1182 870 1259 909 pro
1289 856 1584 896 misericordia
1606 855 1711 908 vjd.2

1707 939 1827 980 3942,
1850 941 1906 969 ro.
1934 928 1997 980 5d.

378 1144 800 1187 CLVL—Extracts
810 1144 933 1195 from
957 1143 1023 1182 tlze
1044 1143 1362 1182 Presentments
1383 1143 1436 1194 of
1449 1141 1630 1195 Affifays
1651 1141 1816 1193 during
1834 1140 1900 1180 tlze

755 1217 1003 1269 stsayoralty
1023 1216 1197 1270 ossolm
1219 1217 1269 1256 de
1292 1216 1524 1268 Plnmptre.

1061 1308 1223 1358 1395-6.

277 1427 677 1463 PRAESENTATIONES
716 1433 890 1461 OMNIUM
926 1433 1211 1469 AFFRAIARUM,
1248 1433 1391 1460 CORAM
1431 1423 1634 1471 JOHANNE
1670 1432 1725 1459 DE
1759 1422 2002 1467 PLUMPTRE‚

436 1506 546 1532 TuNc
580 1495 756 1538 MAJORE
783 1503 931 1530 VILLAE
961 1493 1321 1539 NOTYNGHAMIAE‚
1349 1503 1465 1530 ANNo
1496 1502 1624 1529 REGNI
1656 1492 1787 1529 REG1s
1818 1491 2002 1529 RICARm

436 1565 623 1602 SECUNm
655 1575 752 1601 POST
783 1564 1075 1607 CONQUESTUM
1106 1564 1300 1600 ANGLIAE
1331 1573 1491 1600 DEcmo
1522 1573 1648 1600 NONo.

365 1676 583 1716 Robertus
606 1676 660 1716 de
685 1676 845 1717 Sutton
869 1682 911 1715 et
932 1674 1157 1727 Johannes
1184 1674 1368 1724 Daniell,
1390 1675 1619 1715 Decenarii
1637 1675 1691 1714 de
1717 1672 2003 1713 Fleschewer-

275 1756 386 1803 gate,
411 1756 692 1803 praesentant
715 1763 846 1789 unam
871 1748 1067 1789 affraiam
1092 1748 1252 1789 factam
1283 1762 1381 1788 cum
1413 1749 1625 1801 sanguine
1655 1761 1730 1801 per
1762 1746 2003 1787 Henricum

279 1823 540 1877 Hikkelyng
575 1838 722 1864 versus
763 1823 1012 1876 Johannem
1058 1822 1213 1871 Pulter,
1252 1822 1387 1863 filium
1426 1822 1586 1862 Annae
1629 1821 1778 1862 uxoris
1825 1819 2004 1860 Henrici

276 1897 498 1949 praedicti,
533 1911 584 1937 eo
618 1897 735 1950 quod
771 1897 1017 1949 praedictus
1055 1896 1272 1937 Henricus
1307 1897 1509 1937 tractavit
1543 1895 1765 1936 cultellum
1801 1908 1927 1935 suum
1962 1900 2005 1934 et

276 1971 487 2023 percussit
511 1971 781 2023 praedictum
805 1970 1053 2023 Johannem
1078 1984 1175 2010 cum
1200 1970 1425 2023 praedicto
1448 1969 1623 2010 cultello
1646 1970 1687 2009 in
1712 1969 1865 2022 capite,
1889 1968 2006 2008 unde

276 2044 454 2096 sanguis
495 2044 633 2084 exivit
674 2045 785 2084 inter
826 2058 910 2092 eos,
953 2051 1104 2084 contra
1146 2058 1299 2097 pacem
1345 2044 1524 2084 Domini
1570 2044 1714 2096 Regis,
1756 2049 1846 2091 etc„
1889 2042 2005 2082 unde

277 2118 541 2159 attachiatus
578 2125 654 2167 est,
688 2125 765 2158 cte.
831 2118 888 2157 Et
925 2118 1026 2158 inde
1063 2118 1178 2158 idem
1220 2118 1437 2158 Henricus
1472 2117 1601 2166 venit,
1639 2123 1681 2157 et
1719 2116 1843 2169 ponit
1880 2129 1925 2155 se
1962 2115 2004 2155 in

277 2192 417 2244 gratia
441 2192 633 2244 Majoris,
657 2198 699 2231 et
722 2191 850 2231 solvit
873 2191 956 2243 vjd.

364 2264 584 2305 Walterus
621 2265 831 2314 Fletcher,
868 2265 1136 2306 Decenarius
1170 2266 1224 2306 de
1263 2265 1551 2318 Mothalgate‚
1587 2271 1837 2318 praesentat
1871 2277 2004 2305 unam

278 2337 473 2379 affraiam
509 2337 670 2379 factam
704 2352 802 2378 cum
838 2339 1050 2391 sanguine
1083 2353 1212 2392 super
1244 2340 1516 2392 praedictum
1554 2339 1830 2392 Stephanum
1863 2339 2006 2379 Wade

278 2426 426 2453 versus
449 2412 672 2465 Agnetem
702 2413 874 2461 Yriche,
901 2426 952 2452 eo
981 2414 1098 2466 quod
1130 2414 1378 2466 praedictus
1414 2413 1666 2466 Stephanus
1688 2412 1932 2453 verberavit
1963 2419 2006 2453 et

279 2487 537 2539 sanguinem
576 2487 778 2527 tractavit
815 2500 912 2527 cum
952 2487 1126 2540 pugillis
1163 2488 1250 2528 suis
1286 2489 1339 2528 de
1374 2488 1597 2541 praedicta
1631 2487 1819 2540 Agnete‚
1855 2493 2007 2527 contra

280 2574 432 2613 pacem
468 2560 647 2600 Domini
684 2560 827 2612 Regis,
852 2560 967 2600 unde
997 2561 1261 2601 attachiatus
1291 2568 1366 2610 est,
1397 2568 1474 2601 etc.
1540 2561 1598 2601 Et
1628 2561 1729 2600 inde
1759 2560 1874 2600 idem
1910 2559 2006 2602 Ste-

280 2634 450 2687 phanus
474 2635 601 2683 venit,
625 2641 667 2674 et
690 2635 813 2687 ponit
836 2648 881 2674 se
903 2635 945 2674 in
969 2635 1109 2687 gratia
1134 2635 1325 2688 Majoris,
1348 2642 1391 2676 et
1413 2635 1542 2675 solvit
1565 2635 1648 2687 vjd.

365 2708 589 2761 Johannes
615 2708 812 2748 Lorimer
833 2715 876 2749 et
896 2708 1121 2761 Johannes
1139 2709 1350 2761 Wyffiall,
1369 2709 1598 2749 Decenarii
1622 2709 1676 2748 de
1701 2707 2006 2760 Bridilsmyth-

280 2788 392 2834 gate,
424 2788 704 2834 praesentant
737 2795 868 2822 unam
902 2781 1098 2822 affraiam
1133 2782 1292 2823 factam
1326 2797 1425 2823 cum
1458 2783 1670 2836 sanguine
1702 2795 1831 2835 super
1856 2781 2006 2822 Adam

283 2856 456 2907 Couper
492 2869 638 2895 versus
683 2856 919 2896 Ricardum
966 2856 1133 2909 Hykot,
1176 2857 1383 2909 sporiour,
1426 2857 1528 2909 quia
1570 2857 1818 2909 praedictus
1855 2855 2005 2896 Adam

282 2929 492 2982 percussit
515 2943 613 2969 cum
637 2929 818 2970 dolabro
840 2944 918 2971 suo
941 2931 1212 2983 praedictum
1246 2931 1483 2971 Ricardum
1514 2931 1556 2970 in
1587 2931 1720 2970 latere
1742 2943 1831 2978 suo,
1855 2935 2008 2970 contra

282 3016 435 3054 pacem
470 3003 650 3043 Domini
686 3004 829 3056 Regis,
860 3011 949 3054 etc,
979 3005 1096 3045 unde
1127 3005 1391 3045 attachiatus
1424 3011 1500 3053 est,
1523 3011 1600 3044 etc.
1666 3005 1723 3044 Et
1756 3004 1857 3044 inde
1889 3003 2005 3043 idem

283 3075 432 3116 Adam
455 3076 584 3125 venit,
608 3082 650 3116 et
672 3077 796 3129 ponit
818 3091 863 3117 se
886 3078 926 3117 in
950 3079 1091 3130 gratia
1114 3078 1306 3131 MajoriS,
1330 3085 1372 3118 et
1395 3078 1523 3119 solvit
1546 3078 1651 3131 xijd.

368 3148 592 3201 Johannes
618 3149 815 3189 Lorimer
836 3157 879 3190 et
899 3151 1123 3203 Johannes
1141 3152 1352 3204 Wyrhall,
1371 3152 1599 3192 Decenarii
1623 3152 1677 3192 de
1702 3150 2007 3203 Bridilsmyth-

284 3228 395 3274 gate,
418 3228 700 3274 praesentant
722 3236 854 3263 unam
878 3222 1072 3265 affraiam
1097 3224 1257 3266 factam
1282 3225 1374 3265 sine
1395 3225 1607 3278 sanguine
1629 3238 1758 3277 super
1787 3224 2007 3264 Thomam

352 3331 359 3343 ¹
386 3327 544 3367 Monday,
561 3327 689 3368 August
708 3327 758 3365 28,
783 3329 873 3368 1396.
1211 3330 1320 3361 These
1350 3336 1491 3362 extracts
1522 3330 1683 3371 comprise
1714 3330 1757 3361 all
1785 3330 1840 3361 the
1867 3329 2009 3361 defaults

351 3384 363 3397 ²
387 3381 494 3412 There
510 3391 564 3412 are
581 3381 729 3423 fifty-one
746 3382 865 3413 entries
882 3382 918 3413 of
937 3383 1075 3415 Assizes.
1211 3385 1369 3417 enrolled.
