2198 3845
324 415 405 454 320
586 413 805 445 RECORDS
838 412 898 444 OF
931 412 1031 443 THE
1064 411 1299 443 BOROUGH
1333 411 1392 442 OF
1427 410 1775 442 NOTTINGHAM.
1912 401 2042 454 [1396

320 536 429 584 row,'
462 542 504 576 et
527 535 728 576 extendit
757 548 801 575 se
824 535 879 575 ab
909 548 1023 587 aqua
1051 534 1106 574 de
1137 534 1256 573 Lene
1285 547 1342 573 ex
1372 540 1495 586 parte
1524 532 1699 573 australi
1730 546 1867 585 usque
1896 539 2043 585 portas

322 610 462 651 Castri
485 623 542 650 ex
565 616 687 663 parte
710 609 872 658 boriali,
896 615 938 648 et
961 608 1018 648 ibi
1048 608 1295 660 praedictus
1318 607 1565 647 XVillelmus
1594 607 1709 659 cepit
1738 607 1792 646 de
1821 607 2043 646 communi

319 683 428 723 solio
459 684 511 736 vj.
536 684 668 736 pedes
698 697 755 723 ex
785 688 907 736 parte
936 681 1195 722 occidentali
1224 680 1356 733 juxta
1386 680 1502 720 Viam
1533 680 1707 732 regiam,
1738 685 1781 720 et
1812 679 2044 720 incluserat

320 765 416 796 eosI
441 771 538 797 cum
562 757 785 810 praedicto
808 763 914 805 orto,
938 757 993 797 ad
1018 768 1226 807 magnum
1250 754 1564 807 praejudicium
1587 760 1630 794 01
1652 754 1894 806 dampnum
1918 753 2045 793 villae

320 831 578 883 praedictae,
602 837 679 871 etc.

408 905 532 953 Item,
555 905 706 944 dicunt
728 904 846 957 quod
876 903 1122 944 Willelmus
1147 903 1297 956 Dynet
1326 901 1440 954 cepit
1463 908 1505 942 01
1535 901 1571 941 01
1595 900 1829 941 incluserat
1851 901 1906 941 de
1928 914 2045 941 com-

321 979 523 1019 munibus
557 979 691 1018 antris
728 992 784 1018 ex
820 984 942 1030 parte
976 976 1173 1017 orientali
1209 976 1261 1028 vj.
1297 976 1430 1028 pedes
1465 989 1521 1015 ex
1557 975 1797 1024 latitudine,
1832 974 2045 1024 videlicet,

320 1055 361 1094 in
404 1053 477 1093 illo
519 1053 743 1105 mesuagio
780 1052 897 1105 quod
937 1051 1190 1091 Matthaeus
1228 1050 1407 1090 Tailour
1443 1049 1777 1102 commorat[ur]
1821 1050 1875 1089 ad
1914 1048 2044 1089 finem

319 1127 573 1168 orientalem
615 1126 742 1166 villae
783 1127 838 1166 de
888 1125 1174 1178 Notingham,
1216 1131 1259 1165 et
1301 1124 1342 1163 in
1394 1137 1603 1176 magnum
1646 1123 1961 1176 praejudicium
2004 1129 2046 1163 et

320 1202 563 1254 dampnum
587 1201 714 1241 villae
736 1200 996 1253 praedictae,
1021 1205 1098 1239 010.

407 1276 531 1324 Item,
569 1280 850 1327 praesentant
891 1274 1009 1326 quod
1054 1272 1242 1313 Michael
1287 1272 1489 1324 Brabayn
1533 1278 1575 1312 et
1621 1271 1838 1311 Henricus
1882 1271 2046 1313 Sotthil

319 1350 631 1390 obturaverunt
654 1348 800 1388 illum2
824 1347 953 1388 finem
977 1348 1031 1387 dc
1057 1346 1397 1400 Lymeringlane
1423 1346 1553 1399 juxta
1584 1345 1921 1387 Calvertonlane
1947 1359 2045 1385 cum

321 1425 433 1473 fimo,
458 1425 498 1464 in
524 1438 731 1477 magnum
763 1430 1076 1464 nocumentum
1107 1436 1246 1475 aquae
1268 1423 1322 1462 de
1354 1422 1473 1462 Lcne
1502 1428 1545 1462 et
1574 1421 1888 1474 praejudicium
1918 1420 2047 1461 villae

321 1499 579 1553 praedictae,
604 1505 681 1538 010.

409 1573 533 1621 Item,
570 1572 721 1612 dicunt
757 1571 874 1624 quod
914 1570 1098 1623 Magota
1141 1569 1262 1610 Balle
1303 1570 1479 1610 obturat
1517 1569 1802 1622 Organlayne
1843 1583 1942 1610 cum
1986 1570 2046 1611 les

322 1647 486 1687 weddes
507 1647 561 1686 de
583 1646 687 1686 ortis
711 1645 808 1694 suis,
832 1651 984 1685 contra
1006 1644 1397 1697 proclamationem
1422 1644 1615 1696 Majoris,
1639 1650 1717 1684 ctc.

410 1721 533 1769 Item,
557 1720 709 1760 dicunt
738 1720 855 1772 quod
888 1719 1139 1771 Margareta
1163 1719 1340 1767 Samon,
1367 1717 1606 1758 Nicholaus
1636 1716 1825 1766 Alastre,
1849 1717 2045 1759 Thomas

321 1795 376 1836 de
410 1794 661 1847 Stanneley,
694 1793 918 1847 Johannes
955 1792 1167 1842 Ettewell,
1205 1792 1418 1833 Ricardus
1457 1791 1670 1841 Ettewell,
1708 1799 1751 1832 01
1788 1791 2045 1842 11711101111115,

322 1868 433 1910 filius
458 1868 662 1921 Hugonis
687 1868 847 1921 5111001,
871 1868 1078 1907 obturant
1102 1873 1274 1906 antrum
1305 1879 1539 1905 commune
1562 1865 1688 1905 villae
1718 1865 1967 1918 praedictae
1989 1879 2046 1906 ex

322 1950 444 1996 parte
474 1943 625 1984 boriali
655 1955 752 1982 cum
778 1941 891 1991 fimo,
915 1941 1055 1990 wellis,
1078 1948 1120 1981 01
1150 1940 1375 1989 cineribus,
1400 1940 1454 1980 ad
1485 1953 1616 1992 grave
1639 1940 1881 1992 dampnum
1912 1939 2046 1980 totius

322 2018 448 2058 villae
474 2018 734 2071 praedictae,
757 2023 835 2056 etc.

411 2092 534 2140 Item,
553 2091 703 2131 dicunt
720 2090 838 2143 quod
864 2089 1076 2129 Ricardus
1099 2089 1153 2129 de
1175 2088 1414 2137 W'illeford,
1435 2088 1645 2128 Issabclla
1667 2088 1722 2128 de
1744 2088 2046 2142 Qwichenour,

326 2166 461 2217 Hugo
501 2165 555 2205 de
599 2164 828 2216 Lyndeby,
865 2163 1070 2216 Johanna
1106 2164 1161 2203 de
1199 2162 1405 2216 Crophill,
1442 2162 1667 2215 Johanncs
1708 2161 1966 2211 Palfreman,
2003 2169 2047 2204 et

321 2239 544 2292 Johannes
587 2238 854 2287 Tomworth,
896 2237 1049 2286 senior,
1091 2237 1299 2278 obturant
1341 2250 1439 2277 cum
1478 2235 1581 2276 fimo
1623 2236 1661 2276 le
1705 2236 1948 2290 Dedlayne,
1991 2236 2045 2277 ad

322 2327 453 2366 grave
474 2313 716 2365 dampnum
740 2312 872 2352 totius
896 2311 1045 2364 populi
1069 2311 1230 2351 ibidem
1254 2311 1530 2360 transeuntis,
1554 2317 1630 2351 etc.

411 2388 534 2436 Item,
564 2392 845 2439 praesentant
874 2386 992 2439 quod
1022 2386 1240 2438 quaedam
1271 2385 1440 2426 venella
1472 2385 1717 2425 communis
1747 2384 1953 2425 obturata
1981 2389 2046 2425 est

323 2461 364 2501 in
402 2461 441 2501 10
480 2460 816 2513 Hegthpament
853 2473 929 2512 per
967 2459 1284 2512 Randulphum
1324 2459 1494 2508 Berker,
1532 2459 1743 2508 videlicet,
1779 2458 1890 2499 inter
1926 2465 2044 2499 tene-

324 2542 519 2575 mentum
542 2534 751 2587 praedicti
777 2533 1030 2585 Randulphi
1053 2540 1095 2573 et
1125 2539 1426 2573 tenementum
1449 2533 1610 2574 Vicarii
1636 2532 1858 2572 Ecclesiae
1883 2532 2044 2572 Beatae

325 2609 501 2658 Mariae,
524 2615 566 2648 et
588 2607 811 2660 praedicta
833 2607 1002 2647 venella
1024 2607 1226 2647 extendit
1255 2621 1301 2647 se
1323 2620 1470 2647 versus
1501 2613 1696 2647 austrum
1727 2620 1856 2660 super
1886 2606 2044 2647 Malin-

323 2682 409 2731 hill,
432 2688 474 2723 et
503 2695 649 2722 versus
678 2681 845 2721 boriam
875 2694 1004 2734 super
1035 2681 1382 2734 Hegthpament,
1405 2687 1448 2721 et
1476 2681 1535 2721 sic
1566 2695 1642 2734 per
1669 2694 1767 2721 eum
1799 2681 1933 2721 modo
1955 2693 2043 2720 non

321 2756 472 2796 existit
493 2755 671 2796 venella.
737 2755 843 2794 Ideo
866 2755 1118 2807 inquiratur,
1142 2761 1219 2795 010.

411 2830 535 2878 Item,
572 2829 722 2869 dicunt
757 2829 875 2881 quod
912 2828 1158 2869 Willelmus
1202 2827 1431 2881 Brekepot,
1469 2828 1659 2878 baxster,
1698 2835 1763 2869 051
1799 2828 2044 2868 communis

323 2910 614 2957 transgressor
650 2910 692 2944 et
728 2903 930 2955 vigilator
966 2903 1008 2942 in
1043 2902 1243 2943 noctibus
1279 2903 1322 2942 in
1354 2902 1456 2943 villa
1487 2903 1541 2943 de
1576 2903 1860 2956 Noffingham,
1893 2908 2045 2942 contra

324 2977 712 3030 proclamationem
747 2977 927 3029 Majoris
959 2982 1002 3017 et
1033 2982 1247 3017 statutum
1282 2977 1461 3016 Domini
1496 2977 1640 3030 Regis,
1670 2977 1725 3017 ad
1759 2990 1968 3029 magnum
2001 2982 2044 3016 et

323 3064 454 3102 grave
476 3056 789 3090 nocumentum
812 3050 940 3090 villae
962 3050 1222 3102 praedictae,
1246 3056 1323 3090 etc.

410 3124 534 3173 Item,
572 3124 723 3164 dicunt
760 3124 876 3176 quod
913 3123 1137 3175 Johannes
1174 3124 1229 3163 de
1267 3124 1500 3176 Mampton
1544 3130 1586 3164 et
1626 3124 1846 3164 Robertus
1886 3123 2044 3177 Squier

580 3288 589 3301 ¹
613 3284 688 3323 eos,]
710 3283 807 3321 ‘eas‚’
825 3284 897 3316 MS.
1384 3289 1396 3302 ²
1419 3286 1544 3326 z'llum,]
1565 3286 1691 3325 ‘illud,’
1709 3287 1782 3319 MS.
