2198 3845
339 391 391 421 22
605 392 823 425 RECORDS
855 393 916 425 OF
949 393 1049 425 THE
1081 394 1316 426 BOROUGH
1349 395 1409 427 OF
1444 395 1790 427 NOTTINGHAM.
1927 383 2059 442 [1230

338 519 403 553 est
433 526 511 553 nos
541 513 711 555 facilem
744 515 951 568 praebere
981 529 1256 566 concensum,
1280 524 1323 558 et
1352 524 1455 558 vota
1483 531 1595 571 quae
1625 532 1650 558 a
1679 517 1856 558 rationis
1883 517 2058 558 tramite

338 599 425 626 non
456 587 710 630 discordant
742 589 900 630 effectu
933 597 1226 643 prosequente
1257 590 1485 644 complere.
1551 592 1807 644 Eapropter,
1837 590 1982 632 dilecti
2016 591 2058 630 in

340 661 535 702 Domino
577 661 661 712 filii,
704 663 856 704 vestris
894 664 1023 716 justis
1059 663 1260 717 precibus
1296 664 1501 714 inclinati,
1544 678 1750 718 personas
1798 671 1973 714 vestras,
2017 671 2060 705 et

341 735 535 775 Domum
581 736 926 777 Elemosinariae
962 738 1017 778 de
1060 738 1366 790 Nottingham,
1404 752 1502 778 cum
1545 738 1747 779 omnibus
1784 739 1909 780 bonis
1946 752 2058 792 quae

337 808 728 863 inpraesentiarum
772 811 1087 852 rationabiliter
1127 812 1333 865 possidet,
1371 819 1445 853 aut
1487 813 1529 853 in
1568 812 1772 863 futurum,
1809 819 2060 866 praestante

340 883 448 932 Deo,
482 883 611 936 Justis
654 885 795 926 modis
837 885 997 938 poterit
1035 885 1227 938 adipisci,
1265 886 1346 926 sub
1384 887 1507 928 Beati
1548 887 1661 928 Petri
1699 894 1742 929 et
1779 893 1928 927 nostra
1963 900 2060 940 pro-

337 957 527 998 tectione
564 959 835 1012 suscipimus,
871 959 1117 1013 specialiter
1153 966 1299 1000 autem
1337 961 1644 1013 possessiones,
1679 961 1884 1011 redditus,
1922 967 2057 1014 prata,

339 1045 529 1082 nemora,
559 1040 602 1074 et
634 1033 719 1073 alia
750 1033 867 1074 bona
899 1040 1053 1083 vestra,
1088 1033 1199 1074 sicut
1233 1046 1284 1074 ea
1317 1034 1466 1075 omnia
1495 1035 1612 1088 juste
1641 1042 1684 1076 et
1714 1034 1891 1088 pacifice
1925 1033 2060 1087 possi-

338 1105 460 1155 detis,
499 1107 622 1147 vobis
660 1114 703 1148 et
741 1121 817 1160 per
853 1121 929 1148 vos
967 1107 1110 1148 cidem
1148 1108 1298 1149 domui
1333 1115 1511 1158 vestrae,
1545 1109 1780 1150 autoritate
1816 1108 2058 1162 apostolica

337 1179 648 1222 confirmamus
685 1188 728 1222 et
765 1182 1005 1235 praesentis
1043 1182 1191 1235 scripti
1230 1183 1502 1235 patrocinio1
1541 1183 1873 1224 communimus.
1937 1181 2058 1222 Nulli

338 1268 442 1307 ergo
470 1256 650 1297 omnino
683 1256 944 1297 hominum2
973 1257 1100 1297 liceat
1128 1257 1240 1297 hanc
1268 1258 1475 1310 paginam
1505 1264 1679 1298 nostrae
1707 1256 1988 1311 protectionis
2015 1262 2058 1297 et

337 1328 680 1371 confirmationis
699 1330 942 1384 infringere,
961 1331 1027 1371 vel
1051 1331 1088 1371 ei
1112 1344 1217 1371 ausu
1237 1331 1467 1371 temerario
1485 1331 1718 1372 contraire:
1740 1331 1773 1371 si
1792 1330 1887 1384 quis
1911 1336 2056 1371 autem

337 1403 419 1444 hoc
452 1411 716 1458 attemptare
753 1405 1104 1458 praesumpserit,
1139 1405 1486 1458 indignationem
1522 1405 1851 1458 Omnipotentis
1890 1404 1984 1454 Dei,
2017 1411 2060 1445 et

339 1478 574 1518 Beatorum
613 1478 725 1519 Petri
761 1486 804 1520 et
840 1479 960 1519 Pauli
996 1479 1314 1532 Apostolorum
1351 1479 1469 1532 Ejus,
1504 1494 1549 1520 se
1581 1479 1749 1520 noverit
1779 1479 2059 1519 incursurum.

339 1552 506 1592 Datum
532 1551 705 1602 Perusii,
729 1553 812 1606 viij.
840 1553 943 1593 Idus
966 1553 1068 1606 Julii
1095 1553 1379 1594 Pontificatus
1403 1554 1537 1595 nostri
1563 1568 1679 1595 anno
1702 1554 1903 1595 secundo.

1785 1639 1908 1679 4770,
1934 1642 1971 1681 1>-
2003 1639 2059 1678 19.

715 1850 1005 1890 X11.-F2·rst
1029 1849 1212 1892 Clmrtet'
1230 1850 1284 1901 of
1295 1850 1423 1904 King
1440 1851 1592 1903 Hemy
1612 1850 1697 1890 Ill.

996 1967 1070 1996 122
1103 1966 1198 2007 —3o‚
1224 1956 1323 1996 Feb.
1350 1967 1411 2007 24.

428 2072 701 2120 HENRICL'S,
734 2072 816 2112 Dei
851 2072 1012 2120 Gratia,
1047 2072 1144 2111 Rex
1175 2071 1376 2124 Angliae,
1410 2071 1626 2111 Dominus
1660 2071 1924 2124 Hyberniae,
1956 2071 2062 2111 Dux

340 2146 650 2195 Normanniae,
702 2146 1014 2199 Aquitanniae,
1066 2153 1109 2186 et
1163 2146 1322 2188 Comes
1374 2145 1674 2198 Andegaviae,
1716 2144 2062 2198 archiepiscopis,

339 2221 564 2273 episcopis,
596 2220 840 2270 abbatibus,
872 2220 1097 2273 prioribus,
1125 2219 1368 2269 comitibus,
1398 2218 1646 2268 baronibus,
1671 2218 1925 2272 justitiariis,
1951 2218 2062 2259 vice-

339 2295 582 2344 comitibus,
613 2295 883 2348 praepositis,
915 2294 1133 2344 ministris,
1164 2300 1207 2335 et
1235 2293 1438 2334 omnibus
1467 2292 1637 2334 ballivis
1666 2299 1709 2334 et
1736 2291 1934 2333 fidelibus
1963 2292 2062 2342 suis,

339 2369 535 2410 salutem.
601 2369 885 2423 Inspeximus
919 2375 1084 2409 cartam
1120 2367 1299 2408 Domini
1332 2367 1546 2420 Johannis
1578 2366 1722 2419 Regis,
1753 2366 1886 2420 patris
1916 2366 2062 2415 nostri,

339 2443 500 2485 factam
526 2444 822 2497 Burgensibus
845 2444 1004 2484 nostris
1029 2442 1315 2495 Notingham,
1333 2442 1375 2482 in
1394 2442 1500 2482 haec
1519 2441 1675 2482 verba:
1699 2441 1956 2494 ‘Johannes,
1976 2439 2059 2481 Dei

339 2517 514 2567 Gratia,‘
539 2518 634 2571 [etc.,
660 2518 844 2571 reciting
870 2517 920 2558 K
920 2517 998 2570 ing
1014 2517 1168 2572 solm's
1199 2516 1388 2565 Clzam‘er,
1417 2515 1497 2556 Na.
1521 2515 1633 2570 JV]
1697 2516 1791 2556 Nos
1820 2515 1960 2569 igitur,
1982 2514 2061 2555 has

339 2592 599 2632 donationes
622 2598 665 2633 et
687 2592 990 2633 concessiones
1014 2598 1129 2631 ratas
1152 2597 1194 2631 et
1217 2597 1362 2644 gratas
1384 2590 1607 2640 habentes,
1626 2604 1698 2631 eas
1716 2589 1947 2643 praedictis
1964 2589 2062 2629 bur-

340 2665 556 2718 gensibus,
581 2679 659 2719 pro
682 2665 807 2706 nobis
832 2672 875 2706 et
897 2665 1130 2706 heredibus
1153 2665 1323 2715 nostris,
1346 2664 1626 2705 concedimus
1649 2671 1691 2705 et
1714 2663 2031 2704 confirmamus.

428 2740 657 2780 Praeterea
679 2739 975 2780 concessimus
999 2740 1053 2780 de
1076 2739 1252 2792 proprio
1274 2739 1392 2779 dono
1413 2745 1574 2788 nostrO,
1597 2745 1640 2779 et
1668 2738 1748 2779 hac
1775 2744 1894 2778 carta
1916 2744 2064 2778 nostra

341 2811 660 2863 confirmamus,
694 2828 773 2866 pro
809 2813 934 2853 nobis
962 2820 1005 2854 et
1034 2813 1265 2854 heredibus
1300 2812 1468 2862 nostris,
1501 2812 1665 2853 eisdem
1697 2811 1990 2866 Burgensibus
2019 2818 2063 2853 et

340 2901 489 2927 eorum
524 2887 766 2936 heredibus,
798 2888 916 2940 quod
948 2887 1217 2940 praedictam
1249 2886 1417 2927 firmam
1451 2886 1647 2940 ejusdem
1681 2885 1817 2939 burgi,
1850 2884 2061 2934 videlicet,

340 2960 660 3014 quinquaginta
689 2967 731 3002 et
761 2961 870 3002 duas
901 2961 1031 3002 libras
1060 2961 1199 3011 blanc,
1229 2961 1414 3002 reddant
1443 2960 1578 3010 nobis,
1608 2973 1684 3014 per
1715 2972 1894 3000 manum
1926 2971 2060 3008 suam,

341 3035 395 3074 ad
438 3035 703 3075 scaccarium
749 3042 948 3076 nostrum
992 3036 1046 3075 ad
1089 3036 1199 3075 duos
1242 3035 1462 3084 terminos,
1504 3034 1677 3084 scilicet,
1714 3033 1866 3087 viginti
1904 3040 1946 3075 et
1982 3047 2062 3073 sex

341 3107 471 3148 libras
501 3108 555 3148 ad
580 3108 789 3150 Clausum
822 3108 1063 3162 Pascha[e],
1087 3116 1130 3149 et
1151 3109 1303 3162 viginti
1327 3115 1369 3149 et
1391 3122 1471 3149 sex
1493 3107 1623 3149 libras
1652 3108 1694 3148 in
1723 3107 1889 3148 octabis
1913 3105 2062 3149 Sancti

342 3179 598 3222 Michaelis:
630 3188 673 3223 et
706 3183 824 3236 quod
859 3182 940 3236 ipsi
973 3189 1016 3223 et
1046 3196 1195 3223 eorum
1226 3182 1408 3223 heredes
1436 3182 1629 3223 habeant
1660 3188 1703 3223 et
1735 3187 1913 3223 teneant
1941 3194 2062 3234 prae—

339 3256 501 3296 dictam
532 3255 678 3296 villam
708 3270 783 3309 per
807 3256 1078 3309 praedictam
1110 3255 1279 3297 firmam
1310 3256 1629 3309 quinquaginta
1650 3256 1834 3296 duarum
1857 3254 2060 3295 librarum

404 3348 412 3362 ¹
438 3345 655 3384 Pat2·0c2'122·0,]
677 3347 684 3361 ⁶
699 3345 920 3386 patriinonio‚’
938 3347 1011 3378 MS,
1336 3350 1347 3362 ²
1372 3345 1585 3384 llomz'mtm‚]
1606 3343 1776 3383 ‘homini‚'
1793 3345 1864 3376 MS.
