2198 3845
289 365 343 409 24
555 366 776 401 RECORDS
807 368 868 401 OF
900 368 1000 399 THE
1033 367 1269 401 BOROUGH
1302 367 1362 401 OF
1397 368 1744 401 NOTTINGHAM.
1881 352 2007 412 [1241

290 489 429 540 blane,
452 491 563 532 sicut
595 491 867 544 praedictum
901 498 975 532 est.
1040 490 1347 533 Concessimus
1377 490 1521 539 etiam,
1551 504 1630 543 pro
1664 489 1790 530 nobis
1823 495 1867 529 et
1895 488 2014 528 here-

290 564 418 605 dibus
457 565 626 615 nostris,
661 565 826 606 eisdem
865 564 1162 618 Burgensibus
1204 571 1247 605 et
1283 563 1516 604 heredibus
1553 563 1652 612 suis,
1687 562 1805 616 quod
1840 561 2017 614 capiant

289 638 539 691 tronagium
570 639 611 679 in
642 639 744 680 villa
772 639 827 680 de
857 638 1132 692 Notingham
1163 639 1218 679 de
1248 638 1530 679 mercandisis
1557 651 1669 691 quae
1698 637 1943 677 consistunt
1973 635 2015 674 in

290 712 494 764 pondere,
518 713 630 754 sicut
659 713 755 766 capi
785 719 1106 753 consueverunt
1135 713 1176 752 in
1208 712 1301 752 aliis
1330 712 1479 765 burgis
1509 711 1667 752 nostris
1697 717 1741 752 et
1769 709 2017 750 civitatibus

290 799 367 838 per
402 786 624 840 Angliam.
691 787 748 828 Et
785 787 902 840 quod
941 787 1132 827 habeant
1167 793 1446 826 coronatores
1483 799 1539 825 ex
1573 799 1618 825 se
1650 784 1753 838 ipsis
1785 784 1827 824 in
1862 783 2016 824 eadem

290 859 401 901 villa.

377 935 524 989 Quare
554 935 754 975 volumus
784 941 826 975 et
857 933 1036 975 firmiter
1065 933 1356 987 praecipimus
1385 933 1502 986 quod
1533 931 1743 985 praedicti
1774 931 2019 984 Burgenses

289 1016 331 1049 et
361 1022 511 1049 eorum
542 1008 722 1050 heredes
752 1008 944 1049 habeant
973 1015 1017 1049 et
1046 1014 1236 1056 teneant,
1267 1007 1321 1047 de
1351 1006 1526 1059 proprio
1555 1006 1674 1047 dono
1703 1010 1863 1054 nostro,
1894 1003 2019 1045 liber-

289 1089 402 1124 tates
432 1090 475 1125 et
508 1084 847 1124 consuetudines
877 1083 1133 1136 praedictas,
1164 1082 1274 1122 bene
1308 1088 1351 1122 et
1384 1081 1425 1121 in
1462 1094 1579 1134 pace,
1612 1080 1755 1129 libere,
1788 1078 1944 1132 quiete,
1977 1085 2020 1119 et

292 1157 486 1210 integre:
523 1158 735 1206 videlicet,
777 1158 896 1210 quod
940 1158 1126 1197 reddant
1169 1156 1294 1196 nobis
1336 1170 1412 1209 per
1454 1168 1633 1195 manum
1676 1167 1799 1194 suam
1835 1153 2018 1206 singulis

289 1231 414 1271 annis
451 1232 505 1272 ad
548 1232 812 1272 scaccarium
855 1237 1064 1279 nostrum,
1103 1231 1158 1270 ad
1193 1231 1303 1270 duos
1345 1230 1554 1270 terminos
1596 1229 1853 1282 praedictos,
1895 1241 2017 1281 prae-

289 1305 430 1345 dictas
472 1305 793 1358 quinquaginta
834 1311 876 1345 et
913 1305 1022 1345 duas
1064 1304 1194 1344 libras
1238 1304 1393 1354 blanc;
1438 1310 1481 1344 et
1518 1304 1635 1356 quod
1672 1303 1751 1356 ipsi
1789 1309 1832 1343 et
1869 1316 2019 1343 eorum

288 1378 469 1419 heredes
492 1378 683 1419 habeant
713 1385 756 1418 et
778 1384 958 1418 teneant
981 1378 1251 1430 praedictam
1276 1378 1423 1418 villam
1455 1391 1531 1431 per
1554 1377 1823 1430 praedictam
1848 1376 2017 1417 firmam

285 1452 606 1505 quinquaginta
657 1459 699 1493 et
751 1453 936 1492 duarum
990 1452 1195 1492 librarum
1249 1451 1404 1501 blanc;
1457 1458 1499 1492 et
1549 1451 1666 1504 quod
1717 1450 1798 1503 ipsi
1842 1451 2020 1504 capiant

287 1527 536 1580 tronagium
571 1527 855 1579 praedictum,
888 1533 931 1566 et
963 1526 1154 1566 habeant
1187 1533 1467 1567 coronatores
1496 1539 1553 1565 ex
1583 1539 1628 1565 se
1659 1526 1762 1578 ipsis
1792 1525 1833 1565 in
1864 1526 2019 1566 eadem

288 1601 389 1641 villa
431 1602 486 1642 de
529 1600 827 1653 Notingham’,
870 1607 916 1640 ut
960 1584 1232 1653 praedictum
1275 1607 1350 1640 est.
1417 1600 1516 1639 Hiis
1568 1599 1779 1639 testibus:
1819 1599 2022 1651 Johanne

289 1674 584 1723 Bathoniensi,
611 1673 838 1727 R[ica1·do]
865 1674 1199 1722 Dunholmensi,
1230 1674 1427 1714 &Valtero
1458 1673 1744 1722 Karleolensi,
1778 1673 2020 1726 Episcopis,

291 1748 530 1801 H[uberto]
566 1749 620 1789 de
668 1749 814 1801 Burgo
860 1749 1033 1790 Comite
1077 1749 1269 1788 Kantiae
1305 1748 1549 1801 Justitiario
1586 1747 1789 1800 Angliae,
1828 1748 2021 1801 Hugone

286 1822 341 1862 de
377 1822 544 1871 Nevi11'‚
576 1822 774 1863 Galfrido
808 1823 862 1863 de
897 1823 1054 1876 Luscy,
1089 1823 1318 1876 Stephano
1350 1824 1405 1863 de
1441 1823 1674 1875 Sedgrave,
1708 1822 1900 1862 Radulfo
1933 1821 2021 1862 filio

287 1897 502 1945 Nicholai,
525 1897 728 1949 Johanne
752 1896 839 1936 filio
865 1897 1064 1950 Philippi,
1092 1897 1286 1937 Henrico
1308 1897 1363 1937 de
1391 1896 1582 1949 Capella,
1606 1902 1649 1936 et
1678 1895 1782 1936 31115.
1847 1896 2014 1937 Datum

287 1984 364 2024 per
398 1984 576 2011 manum
613 1970 870 2011 venerabilis
901 1971 1035 2023 patris
1073 1970 1286 2023 R[adulfi]
1319 1970 1618 2023 Cycestrensis
1650 1970 1869 2023 Episcopi,
1904 1971 2017 2012 Can-

288 2045 449 2086 cellarii
474 2046 620 2094 nostri,
644 2046 760 2098 apud
792 2045 1249 2094 westmonasterium,
1272 2045 1479 2085 vicesimo
1501 2051 1659 2098 quarto
1682 2044 1752 2085 die
1785 2043 2022 2093 Februarii,

287 2133 404 2159 anno
428 2120 548 2172 regni
573 2120 708 2160 nostri
732 2126 889 2172 quarto
912 2120 1093 2160 decimo.
1891 2128 2015 2170 4154.

503 2252 843 2292 ΚΗΓ-ΟΜΝ
863 2252 917 2303 os
941 2252 974 2291 11
984 2251 1133 2291 'illiam
1158 2251 1282 2291 Brito
1305 2258 1343 2291 lo
1368 2252 1411 2291 S.
1428 2250 1580 2305 solm's
1602 2250 1812 2303 flospilal.

1027 2325 1142 2364 Ante
1171 2336 1284 2375 1241.

377 2415 621 2457 1Omnibus
641 2416 831 2458 Sanctae
851 2415 1005 2456 Matris
1025 2415 1248 2455 Ecclesiae
1271 2415 1367 2456 filiis
1385 2415 1439 2455 ad
1459 2429 1567 2468 quos
1585 2427 1790 2467 praesens
1807 2414 2019 2467 scripturn

288 2490 541 2542 pervenerit,
562 2489 812 2530 W'illelmus
838 2490 968 2538 Brito,
988 2488 1099 2529 filius
1123 2489 1332 2529 willelmi
1359 2489 1557 2537 Britonis,
1575 2488 1772 2529 salutem.
1836 2489 2024 2530 Noverit

291 2563 549 2604 universitas
582 2570 726 2604 vestra
756 2577 835 2613 me,
865 2563 1038 2604 divinae
1068 2563 1260 2604 caritatis
1292 2563 1463 2611 intuitu,
1493 2569 1536 2603 et
1564 2576 1642 2615 pro
1673 2562 1813 2603 salute
1845 2563 2021 2604 animae

290 2651 423 2687 meae,
447 2644 490 2678 et
517 2651 596 2690 pro
623 2638 769 2678 anima
791 2638 926 2691 patris
954 2638 1048 2687 mei,
1076 2644 1119 2678 et
1146 2651 1224 2690 pro
1247 2637 1476 2678 animabus
1503 2643 1826 2676 antecessorum
1854 2642 1897 2677 et
1923 2650 2017 2677 suc-

291 2725 511 2751 cessorum
542 2725 749 2760 meorum,
776 2711 948 2752 dedisse
974 2718 1017 2752 et
1044 2711 1319 2760 concessisse,
1347 2717 1390 2751 et
1418 2710 1499 2751 hac
1528 2709 1746 2763 praesenti
1775 2716 1896 2751 carta
1925 2724 2024 2751 mea

291 2784 584 2834 confirmasse,
617 2786 714 2825 Deo
743 2792 786 2826 et
817 2785 981 2825 Domui
1013 2785 1163 2827 Sancti
1192 2784 1407 2837 Johannis
1433 2785 1488 2824 de
1515 2783 1820 2837 Nottingham,
1847 2790 1890 2825 et
1921 2784 2022 2825 Fra-

290 2859 428 2899 tribus
455 2859 618 2899 ibidem
651 2859 748 2899 Deo
777 2859 1076 2908 servientibus,
1100 2859 1141 2898 in
1170 2859 1348 2899 liberam
1373 2865 1415 2899 et
1442 2864 1697 2911 perpetuam
1725 2858 2021 2907 elemosinam,

291 2939 478 2985 quatuor
501 2932 684 2972 bovatas
707 2939 846 2973 terrae
868 2933 910 2972 in
933 2932 1035 2972 villa
1056 2933 1111 2973 de
1135 2933 1325 2974 Stanton
1346 2947 1353 2980 ;
1380 2932 1553 2981 scilicet,
1576 2932 1685 2972 duas
1707 2932 1890 2973 bovatas
1912 2945 2020 2985 quas

292 3007 505 3048 Osbertus
529 3006 568 3046 le
594 3007 746 3046 Bonde
769 3007 919 3055 tenuit,
943 3013 986 3047 et
1008 3007 1116 3046 duas
1139 3007 1323 3046 bovatas
1346 3019 1454 3059 quas
1477 3005 1723 3046 XVillelmus
1753 3006 2019 3046 XVhateman

290 3080 442 3129 tenuit,
473 3093 572 3120 cum
604 3080 686 3119 illis
715 3086 758 3121 et
792 3087 887 3121 tota
920 3080 1097 3133 sequela
1131 3080 1313 3128 illorum,
1341 3086 1384 3120 et
1413 3079 1619 3132 quicquid
1648 3080 1750 3120 inde
1777 3079 1921 3128 habui,
1951 3078 2020 3120 vel

291 3154 453 3194 habere
482 3154 617 3206 potui,
641 3153 751 3194 infra
774 3154 919 3194 villam
950 3161 993 3194 et
1015 3160 1168 3203 extra;
1201 3153 1452 3193 habendum
1483 3159 1526 3193 et
1548 3153 1787 3194 tenendum
1810 3153 1865 3193 de
1887 3166 1956 3193 me
1979 3160 2022 3193 et

291 3227 524 3268 heredibus
556 3227 673 3276 meis,
710 3227 841 3268 libere
876 3234 918 3268 et
952 3227 1108 3280 quiete,
1144 3226 1332 3280 pacifice,
1368 3225 1604 3267 honorifice
1634 3234 1677 3267 et
1711 3227 1888 3280 integre,
1920 3240 2018 3267 cum

924 3320 929 3332 ¹
960 3317 1056 3347 froin
1082 3315 1237 3348 Greaves'
1261 3326 1387 3357 papers.
