2198 3845
324 407 379 456 48
590 413 810 446 REcoRDs
842 413 902 444 OF
935 412 1035 443 THE
1067 411 1304 444 BOROUGH
1336 411 1397 443 OF
1432 411 1779 443 NOTTINGHAM.
1916 401 2040 454 [1271

324 536 504 577 heredes
536 550 648 586 suos,
670 549 749 590 pro
786 535 911 576 nobis
944 541 987 576 et
1018 533 1250 574 heredibus
1280 533 1449 582 nostris,
1472 532 1574 573 inde
1605 532 1776 585 quietos
1808 532 2050 572 clamamus

721 611 772 650 In
815 609 938 662 cujus
975 608 1034 648 rei
1076 607 1377 649 testimonium
1420 607 1498 647 has
1540 606 1706 647 litteras
1747 612 1918 647 nostras
1960 605 2050 646 fieri

820 683 955 723 Teste
996 695 1066 722 me
1106 681 1203 734 ipso
1244 681 1361 734 apud
1403 680 1858 730 westmonasterium,
1896 680 2051 734 quinto

1925 763 2048 806 4157-

324 611 656 664 imperpetuum.

324 683 505 724 fecimus
546 689 757 737 patentes

324 757 496 798 decimo
518 758 588 798 die
613 756 845 806 Februarii,
869 770 986 797 anno
1008 755 1129 809 regni
1153 755 1289 796 nostri
1312 754 1651 808 quadragesimo
1673 762 1821 794 nono.1

479 887 897 930 XXHL—Award
911 901 962 927 as
983 893 1022 927 2‘0
1043 886 1183 939 Rzglct
1202 887 1257 938 of
1267 886 1514 938 Pastumge
1536 884 1580 925 in
1607 884 1899 937 Cornerwong.

954 971 1119 1011 1270-1,
1141 960 1339 1013 January
1367 970 1424 1010 17.

413 1052 639 1095 Universis
683 1052 764 1092 hoc
811 1051 1021 1104 scriptum
1068 1050 1222 1090 visuris
1268 1049 1334 1090 vel
1382 1048 1594 1089 audituris
1640 1045 1915 1104 XV[alterus]‚
1957 1062 2051 1101 per-

325 1126 531 1166 missione
553 1126 711 1174 divina,
737 1124 1026 1165 Eboracensis
1044 1123 1426 1176 Archiepiscopus,
1449 1122 1641 1175 Angliae
1665 1122 1842 1172 Primas,
1865 1122 2050 1164 salutem

324 1200 366 1240 in
409 1199 561 1239 salutis
604 1198 832 1239 Auctore.2
907 1197 1037 1238 Zelus
1074 1197 1260 1250 pastoris
1299 1211 1385 1237 non
1419 1197 1554 1250 partis
1591 1196 1715 1236 ovilis
1752 1209 1900 1237 curam
1933 1211 2050 1238 corn-

324 1273 538 1326 plectitur,
576 1273 651 1313 sed
689 1273 745 1313 ad
783 1271 977 1325 singulas
1019 1271 1112 1325 ejus
1149 1277 1295 1325 partes
1331 1285 1377 1311 se
1414 1269 1632 1319 diffundit,
1676 1271 1871 1324 dumque
1915 1285 2050 1312 mem-

325 1348 450 1389 brum
485 1347 672 1388 laeditur
713 1359 799 1386 non
836 1346 876 1386 in
914 1359 965 1386 eo
999 1345 1141 1386 solum
1178 1359 1281 1386 cura
1314 1345 1491 1394 sistitur,
1525 1345 1613 1394 sed,
1636 1344 1844 1398 exemplo
1878 1345 2050 1387 Summi

326 1421 527 1470 Pastoris,
555 1427 696 1462 totum
735 1433 889 1460 sanare
926 1425 1140 1472 procurat,
1175 1425 1217 1459 et
1250 1419 1310 1459 sic
1342 1432 1420 1459 sua
1452 1418 1622 1459 cautela
1654 1424 1780 1459 sanat
1812 1425 2052 1472 aegrotum,

324 1503 371 1537 ut
412 1502 557 1549 partes
598 1495 653 1535 ab
691 1495 875 1535 invicem
919 1508 1005 1534 non
1048 1493 1308 1534 discordent.
1392 1493 1504 1534 Cum
1547 1492 1678 1545 igitur
1719 1493 1830 1532 inter
1871 1492 2053 1534 dilectos

325 1569 435 1610 filios
466 1570 726 1623 Johannem,
758 1569 961 1618 Priorem,
996 1574 1039 1609 et
1075 1568 1352 1610 Conventum
1383 1567 1438 1607 de
1469 1566 1683 1615 Shelford,
1716 1580 1773 1606 ex
1806 1580 1892 1606 una
1918 1573 2052 1620 parte,

325 1650 368 1685 et
392 1644 768 1686 Communitatem
794 1642 1082 1695 Burgcnsium
1114 1641 1428 1694 Notyngham’,
1451 1654 1508 1681 ex
1538 1640 1684 1689 altera,
1708 1654 1838 1694 super
1858 1642 2052 1694 quodam

325 1724 493 1759 assarto
523 1718 564 1757 in
592 1731 750 1770 campo
777 1717 832 1757 de
860 1716 1068 1756 Baseford
1097 1716 1214 1768 quod
1248 1721 1430 1755 vocatur
1462 1713 1856 1767 ‘Cornerwonge,'3
1882 1728 2052 1756 necnon

325 1799 368 1834 et
400 1806 529 1846 super
560 1791 767 1832 violentia
796 1790 969 1830 cuidam
994 1789 1112 1830 fratri
1143 1802 1353 1829 converso
1382 1794 1425 1828 et
1451 1787 1712 1836 hominibus,
1737 1801 1906 1828 necnon
1937 1795 1980 1829 et
2009 1789 2051 1829 in

326 1867 452 1907 rebus
494 1867 651 1906 domus
694 1864 953 1917 praedictae,
997 1877 1073 1916 per
1108 1863 1323 1916 quosdam
1366 1861 1493 1902 villae
1539 1862 1788 1914 praedictae
1824 1863 2054 1904 occasione

324 1941 478 1981 assarti
501 1939 741 1987 memorati,
769 1945 816 1978 ut
845 1938 1011 1985 dicitur,
1042 1937 1172 1985 illata,
1203 1937 1381 1976 suborta
1412 1935 1561 1976 fuisset
1591 1936 1772 1976 materia
1801 1936 2053 1989 questionis,

326 2014 549 2067 nobisque,
579 2018 678 2066 post
709 2011 918 2051 nonnulla
946 2011 1085 2051 litium
1110 2010 1350 2063 dispendia,
1374 2023 1472 2050 curn
1504 2009 1711 2050 instantia
1734 2010 2053 2062 supplicassent

325 2089 442 2142 quod
475 2088 586 2128 inter
613 2100 687 2126 eos
716 2086 918 2126 ordinare
947 2085 1168 2133 vellemus,
1198 2084 1438 2124 secundum
1469 2084 1587 2136 quod
1625 2097 1704 2123 suo
1738 2085 1974 2125 commodo
2010 2092 2053 2126 et

324 2163 478 2203 honori
497 2173 734 2214 congruere
751 2160 1008 2207 videremus,
1024 2165 1071 2199 ut
1094 2171 1388 2211 expensarum
1407 2171 1570 2210 vorago
1592 2163 1634 2198 et
1657 2157 1855 2198 laborum
1879 2158 2054 2199 diffusio

325 2235 566 2276 abbreviari
604 2233 784 2287 possint,
821 2239 864 2273 et
901 2233 1221 2273 dissensionum
1261 2231 1518 2284 improbitas
1555 2232 1745 2271 resecari.
1810 2232 1914 2282 Nos,
1952 2246 2053 2274 con-

325 2310 519 2350 cordiam
539 2309 650 2348 inter
672 2307 870 2347 subditos
889 2313 1061 2347 nostros
1084 2320 1283 2359 reparare
1304 2306 1511 2355 volentes,
1530 2312 1573 2346 et
1595 2306 1650 2346 ad
1674 2319 1826 2358 pacem
1850 2307 2054 2348 reducere

325 2398 435 2437 quos
469 2397 555 2423 non
587 2382 727 2423 solum
762 2382 802 2421 in
834 2381 1078 2421 animarum
1113 2394 1288 2420 suarum
1324 2380 1614 2432 dispendium,
1644 2380 1719 2420 sed
1750 2386 1793 2420 et
1822 2394 2052 2433 corporum

326 2465 368 2499 et
391 2459 617 2506 bonorum,
640 2456 829 2496 vidimus
851 2455 1085 2501 oberrasse,
1105 2454 1365 2507 juramentis
1392 2453 1593 2506 partium,
1616 2452 1726 2493 sicut
1756 2453 1912 2502 decuit,
1936 2467 2052 2507 pure,

326 2538 493 2584 sponte,
520 2536 563 2571 et
592 2528 791 2570 absolute
819 2528 1084 2569 ordinationi
1114 2534 1289 2568 nostrae
1318 2540 1363 2568 se
1392 2526 1757 2575 submittentium,
1787 2529 1905 2580 quod
1935 2529 2054 2569 dicto

327 2612 477 2646 nostro
511 2604 597 2644 alte
631 2610 673 2643 et
706 2603 832 2642 basse
864 2602 1055 2651 stabunt,
1089 2601 1305 2654 receptis,4
1336 2607 1379 2641 et
1401 2599 1766 2640 submissionibus
1798 2600 2052 2654 hujusmodi

392 2706 401 2720 ¹
427 2703 480 2735 On
503 2702 558 2733 the
582 2701 667 2732 back
693 2700 809 2732 hereos
830 2699 856 2731 is
880 2700 935 2731 the
959 2699 1127 2741 following

327 2754 556 2786 endorsement
575 2753 611 2784 of
631 2753 686 2784 the
704 2752 825 2793 receipt
844 2752 880 2782 os
900 2751 991 2783 these
1015 2752 1127 2783 letters

326 2815 358 2840 at
375 2810 431 2840 the
449 2809 644 2849 Exchequer
660 2808 725 2838 :—‘
740 2807 884 2837 Barones
901 2806 942 2837 de
956 2805 1127 2837 Scaccario

326 2869 517 2905 receperunt
542 2863 642 2893 breve
668 2860 804 2891 Domini
831 2859 931 2901 Regis
956 2859 1128 2891 continens

327 2923 475 2948 tenorem
507 2914 687 2957 praesentis
718 2913 837 2951 brevis,
872 2913 925 2944 xix
956 2913 1010 2945 die
1042 2914 1125 2945 Feb-

326 2971 434 3010 ruarii,
460 2981 547 3002 anno
573 2970 672 3011 Regis
696 2968 834 3001 Henrici
862 2968 965 3000 Tertii
989 2968 1125 3010 quadra-

328 3025 454 3067 gesimo
470 3023 597 3061 nono3'
626 3024 731 3061 (AD.
756 3022 866 3063 1265.)

395 3079 633 3110 Translale'on:
668 3080 676 3094 ‘
691 3078 763 3109 The
781 3078 906 3109 Barons
924 3077 959 3108 of
981 3077 1036 3108 the
1061 3077 1125 3108 Ex-

326 3136 468 3177 chequer
485 3135 634 3167 received
651 3135 706 3166 the
723 3134 794 3166 writ
812 3134 848 3165 of
860 3134 916 3165 the
932 3133 1021 3164 Lord
1035 3133 1126 3174 King

326 3190 517 3231 containing
544 3191 600 3222 the
623 3195 718 3222 tenor
746 3190 782 3221 of
805 3190 861 3221 the
884 3194 1014 3231 present
1040 3189 1122 3225 writ‚

326 3254 369 3275 on
389 3245 444 3276 the
470 3245 545 3284 19th
562 3245 626 3286 day
643 3245 679 3276 of
700 3245 878 3285 February,
898 3244 931 3275 in
954 3244 1010 3275 the
1026 3243 1124 3284 sorty-

326 3297 420 3328 ninth
450 3308 527 3338 year
557 3298 594 3328 of
620 3297 712 3339 King
744 3298 860 3338 Henry
890 3297 946 3328 the
981 3296 1124 3333 Third;’

327 3352 431 3389 (AD.
457 3351 565 3394 1265.)

1318 2702 1330 2715 ²
1355 2699 1459 2730 Hebr.
1481 2698 1512 2729 ii.
1538 2706 1584 2729 10.

1316 2757 1329 2776 3
1352 2753 1461 2784 There
1498 2763 1564 2783 was
1601 2763 1620 2783 a
1652 2751 1783 2793 dispute
1813 2753 1964 2784 between
1997 2753 2053 2785 the

1252 2812 1341 2838 town
1361 2807 1424 2838 and
1447 2806 1536 2847 John
1553 2806 1759 2847 Mapperley,
1779 2811 1884 2847 gent„
1904 2806 1936 2837 in
1958 2806 2050 2847 1483,

1252 2862 1352 2893 about
1385 2861 1618 2902 Cornerwong.
1680 2860 1752 2891 The
1783 2860 1985 2891 Mickletorn
2016 2871 2053 2891 or

1253 2917 1334 2948 Leet
1364 2917 1445 2958 Jury
1468 2916 1506 2947 of
1533 2915 1590 2947 the
1621 2921 1710 2946 town
1741 2925 1827 2946 were
1851 2915 1994 2956 charged
2018 2920 2052 2946 to

1253 2971 1387 3012 enquire
1404 2970 1473 3001 into
1490 2969 1546 3001 the
1562 2969 1666 3011 rights
1682 2968 1719 3000 os
1738 2968 1794 3000 the
1819 2969 1996 3010 Burgesses
2017 2975 2052 3001 to

1252 3025 1317 3056 this
1355 3025 1444 3063 land,
1477 3024 1542 3055 and
1581 3024 1659 3065 they
1689 3034 1756 3055 saw
1794 3023 1850 3055 the
1890 3023 1981 3054 Prior
2019 3024 2056 3055 of

1253 3080 1417 3118 Shelford,
1444 3079 1519 3111 who
1543 3079 1650 3111 stated
1674 3079 1744 3110 that
1769 3078 1825 3110 the
1852 3079 1962 3110 ‘close
1985 3089 2052 3110 was

1252 3133 1363 3175 gyffyn
1390 3139 1425 3164 to
1451 3133 1508 3164 the
1531 3133 1651 3174 Abbey
1667 3132 1704 3163 of
1724 3132 1911 3164 Sehelforth
1935 3133 1979 3173 by
1995 3132 2050 3163 old

1252 3196 1340 3231 tyme
1355 3191 1397 3221 be
1410 3201 1472 3221 one
1489 3190 1596 3231 callyd
1610 3190 1691 3231 Alys
1707 3200 1743 3220 or
1759 3190 1873 3230 Agnes
1888 3189 2048 3226 Acmnar,

1252 3246 1301 3276 for
1317 3246 1372 3277 the
1390 3245 1506 3287 whych
1523 3245 1622 3282 close,
1640 3245 1682 3276 be
1703 3244 1760 3275 the
1781 3243 1915 3284 seyying
1939 3243 1976 3274 of
1995 3243 2051 3274 the

1252 3299 1330 3340 seyd
1360 3299 1462 3336 Prior,
1489 3299 1545 3330 the
1570 3304 1659 3330 town
1686 3298 1723 3328 of
1747 3297 1961 3338 Notyngharn
1985 3296 2050 3327 and

1253 3352 1308 3383 the
1335 3352 1455 3392 Abbey
1482 3351 1519 3381 of
1543 3350 1728 3382 Schelforth
1753 3349 1872 3391 varyed
1898 3349 1962 3380 and
1987 3354 2049 3380 tra·
