2198 3845
292 410 375 451 270
557 410 777 443 RECORDs
809 411 869 442 OF
902 411 1002 442 THE
1036 410 1271 442 nonomen
1305 410 1365 441 or
1400 410 1747 441 NOTTINGHAM.
1884 398 2012 455 [1395

291 531 519 580 Trouwell,
573 532 819 572 &Villelmus
872 533 978 584 Gye,
1020 532 1244 584 Johannes
1286 533 1341 572 de
1391 530 1648 579 Willefford‚
1689 530 1914 583 Johannes
1961 531 2016 570 de

292 604 474 653 Fenton,
510 606 723 646 Ricardus
759 607 916 658 Roper,
952 606 1165 645 Ricardus
1206 605 1313 657 Joie,
1345 605 1570 657 Johannes
1607 605 1663 645 de
1698 604 2016 653 Blakkeburne,

294 678 430 730 Hugo
466 678 651 727 Hachet,
689 685 732 718 et
776 679 976 730 Rogerus
1022 678 1303 730 Herpeswell,
1343 678 1579 730 juratores:
1622 677 1695 730 qui
1737 677 1899 727 dicunt,
1941 691 2018 730 per

290 758 613 791 sacramentum
656 765 795 800 suum,
833 752 950 804 quod
993 764 1146 791 omnes
1189 752 1452 792 braciatores
1494 757 1594 791 sunt
1636 750 1874 803 culpabiles
1915 751 2017 803 quia

291 824 525 878 brac[iant]
550 831 701 865 contra
723 824 936 872 Assisam,
959 831 1002 865 et
1024 825 1221 864 vendunt
1243 838 1342 864 cum
1366 822 1457 864 cifis
1480 830 1522 864 et
1545 823 1685 872 discis,
1709 829 1786 863 etc.

376 898 500 946 Item,
539 898 689 938 dicunt
726 898 844 950 quod
881 910 1035 937 omnes
1072 898 1257 950 pistores
1291 904 1392 938 sunt
1429 896 1668 949 culpabiles
1702 896 1804 949 quia
1838 896 2016 949 capiunt

288 971 416 1010 nimis
445 984 523 1023 pro
553 971 799 1011 fui-natione
828 977 872 1011 et
901 971 1100 1011 coctione
1133 971 1257 1023 panis
1290 984 1315 1010 a
1344 970 1567 1010 communi
1598 969 1772 1022 populo,
1803 969 2015 1018 videlicet,

283 1044 342 1097 jd.
373 1044 438 1084 ob.
469 1058 548 1096 pro
580 1044 783 1093 buscello,
813 1044 895 1084 hoc
928 1050 993 1085 est
1025 1044 1109 1097 vjd.
1145 1045 1199 1084 ad
1229 1044 1496 1097 quarterium
1532 1043 1666 1096 grani,
1697 1043 1770 1083 ubi
1805 1042 2016 1084 deberent

287 1131 441 1170 capere
464 1118 544 1157 nisi
568 1118 669 1171 iiijd.
694 1118 749 1158 ad
773 1118 1054 1171 quarterium,
1077 1124 1155 1158 etc.

376 1191 500 1239 Item,
537 1191 688 1232 dicunt
730 1192 848 1244 quod
890 1205 1044 1231 omnes
1086 1190 1309 1231 carnifices
1351 1191 1547 1231 vendunt
1589 1203 1740 1230 carnes
1777 1189 1906 1230 nimis
1943 1190 2016 1230 diu

289 1270 432 1304 tentas
456 1270 497 1304 et
520 1271 757 1317 corruptas,
781 1272 823 1305 et
847 1265 960 1305 ultra
982 1265 1209 1305 denarium
1234 1264 1276 1304 in
1300 1264 1542 1317 optinendo
1564 1263 1659 1317 (sic)
1682 1264 1736 1304 ad
1760 1263 1865 1316 Xijd.

377 1338 500 1386 Item,
523 1338 674 1378 dicunt
696 1338 813 1390 quod
837 1351 990 1378 omnes
1013 1338 1250 1391 piscatores
1274 1337 1572 1390 Notingham',
1595 1344 1685 1378 tam
1711 1337 1864 1377 marini
1883 1350 2015 1390 quarn

288 1425 427 1464 aquae
461 1412 610 1461 dulcis,
639 1413 837 1453 vendunt
871 1412 1010 1466 pisces
1049 1419 1244 1453 mortuos
1280 1419 1323 1454 et
1358 1413 1487 1452 nimis
1521 1413 1595 1452 diu
1629 1418 1786 1462 tentos,
1821 1419 1864 1453 et
1898 1413 2016 1465 quod

287 1485 469 1538 quilibet
492 1499 641 1526 eorum
665 1492 730 1527 est
753 1486 999 1526 communis
1023 1486 1288 1527 forstallator
1311 1485 1463 1526 talium
1488 1485 1683 1538 piscium,
1707 1491 1784 1526 etc.

376 1560 500 1608 Item,
524 1559 674 1600 dicunt
697 1560 815 1612 quod
838 1573 991 1600 omnes
1021 1560 1254 1600 tabernarii
1278 1560 1477 1599 vinorum
1509 1571 1595 1598 non
1626 1564 1778 1599 tenent
1801 1558 2015 1608 Assisam,

287 1633 527 1673 secundum
552 1632 942 1685 proclamationem
968 1632 1160 1686 Majoris,
1184 1633 1286 1685 quia
1308 1632 1504 1672 vendunt
1527 1638 1679 1672 contra
1701 1631 1914 1681 Assisam,
1937 1639 2015 1672 etc.

376 1707 501 1755 Item,
524 1707 675 1746 dicunt
697 1707 814 1759 quod
838 1720 991 1746 omnes
1021 1706 1285 1747 anxiatrices
1317 1705 1604 1758 Notingham’
1627 1706 1824 1746 vendunt
1854 1705 2016 1755 allium,

290 1779 485 1828 farinam,
519 1780 666 1829 salem,
699 1793 826 1833 sepas
861 1779 1077 1829 candelas,
1107 1779 1310 1829 butirum,
1341 1780 1490 1829 casios,
1521 1786 1563 1820 et
1600 1779 1851 1832 hujusmodi
1889 1779 2018 1819 nimis

289 1867 422 1902 caros,
457 1860 609 1893 contra
643 1859 869 1902 statutum,
900 1860 942 1894 et
974 1853 1091 1906 quod
1122 1853 1305 1905 quilibet
1338 1866 1487 1892 eorum
1523 1851 1625 1893 facit
1660 1851 1889 1892 candelam
1925 1852 2018 1892 sine

287 1927 432 1968 cotoni
456 1927 724 1980 interposito,
743 1928 797 1967 ad
821 1928 1125 1980 deceptionem
1149 1925 1310 1979 populi,
1335 1933 1377 1966 et
1399 1932 1464 1966 est
1486 1926 1732 1966 communis
1751 1925 2018 1966 forstallator

287 2000 438 2040 talium
476 2000 730 2040 victualium
773 2000 1096 2052 praedictorum
1134 1999 1402 2040 venientium
1441 2000 1495 2039 ad
1538 1999 1686 2039 villam
1726 1999 2015 2052 Notingham'

288 2075 628 2121 vendendorum,
664 2081 830 2114 stantes
865 2074 919 2113 ad
955 2074 1100 2113 exitus
1134 2073 1301 2113 viarum
1333 2073 1404 2113 ubi
1441 2073 1545 2113 talia
1577 2072 1806 2113 victualia1
1836 2073 2017 2114 veniunt

290 2148 344 2187 ad
368 2148 660 2196 vendendum,
684 2154 762 2188 etc.

377 2221 500 2269 Item,
523 2221 674 2260 dicunt
696 2220 814 2273 quod
844 2233 997 2260 omnes
1027 2219 1213 2260 tannarii
1245 2219 1531 2272 Notingham'
1554 2221 1752 2261 vendunt
1782 2220 1898 2260 coria
1927 2233 2015 2260 non

288 2294 398 2334 bene
419 2300 612 2343 tannata,
636 2301 679 2335 et
701 2294 819 2347 quod
841 2294 1023 2347 quilibet
1046 2307 1195 2334 eorum
1217 2294 1368 2334 vendit
1395 2293 1559 2334 corium
1583 2294 1624 2333 in
1649 2294 1783 2335 domo
1805 2294 1898 2335 sine
1920 2294 2013 2335 visu

289 2366 366 2407 fori
390 2368 455 2407 vel
480 2368 623 2420 posito
646 2367 687 2406 in
714 2366 807 2406 foro
830 2367 1121 2416 vendendum,
1145 2373 1222 2407 etc.

376 2441 500 2489 Item,
530 2440 681 2480 dicunt
715 2440 833 2492 quod
867 2453 1020 2480 omnes
1054 2447 1221 2480 sutores
1258 2440 1543 2493 Notingham'
1573 2441 1769 2482 vendunt
1803 2442 2015 2483 sotulares

290 2514 417 2553 nimis
455 2528 586 2562 caros,
617 2520 660 2553 et
689 2513 872 2565 quilibet
906 2527 1055 2553 eorum
1091 2514 1215 2566 ponit
1245 2515 1409 2554 corium
1440 2514 1671 2555 vitulinum
1707 2515 1818 2555 inter
1851 2515 2014 2555 corium

290 2587 463 2635 bovum,
487 2595 529 2628 et
557 2587 707 2627 vendit
731 2587 858 2638 basyn
887 2600 965 2639 pro
986 2587 1263 2639 cordett'ayne,
1287 2588 1341 2627 ad
1371 2588 1676 2640 deceptionem
1700 2588 1860 2641 populi,
1884 2594 1961 2628 etc.

378 2662 502 2709 Item,
540 2662 690 2701 dicunt
726 2661 843 2713 quod
887 2674 1039 2700 omnes
1081 2661 1172 2700 coci
1216 2660 1503 2713 Notingham'
1541 2662 1738 2702 vendunt
1780 2675 1931 2702 carnes
1972 2668 2016 2702 et

288 2735 427 2787 pisces
462 2734 699 2786 aliquando
733 2734 888 2773 crudas
922 2740 965 2774 et
998 2733 1288 2782 recalefactas,
1319 2734 1494 2774 nocivas
1527 2735 1695 2787 corpori
1731 2735 1937 2784 humano,
1973 2741 2015 2775 et

290 2808 406 2860 quod
430 2807 612 2860 quilibet
634 2821 783 2847 eorum
814 2813 878 2848 est
907 2807 1152 2847 communis
1176 2806 1441 2847 forstallator
1462 2807 1698 2857 volucrum,
1722 2807 2014 2860 pullaliorum,

291 2881 603 2929 columbarum,
628 2881 805 2926 avium,2
827 2887 869 2922 et
891 2880 1141 2933 hujusmodi
1165 2880 1429 2929 victualium,
1449 2880 1502 2920 ad
1527 2880 1830 2933 deceptionem
1853 2880 2015 2934 populi,

291 2960 368 2994 etc.

378 3027 503 3075 Item,
545 3027 695 3067 dicunt
737 3028 853 3079 quod
906 3041 1058 3067 omnes
1110 3027 1402 3080 hospitatores
1456 3026 1741 3079 Notingham’
1788 3027 2014 3080 hospitant

291 3107 442 3141 contra
470 3099 682 3148 Assisam,
705 3107 747 3140 et
777 3100 959 3152 quilibet
987 3113 1136 3140 eorum
1166 3099 1317 3140 vendit
1347 3098 1456 3138 infra
1479 3099 1659 3139 domum
1687 3099 1862 3140 faenum
1893 3113 2014 3153 prae-

291 3174 547 3214 bendarium
585 3180 628 3213 et
664 3173 748 3212 alia
784 3173 992 3222 vittualia,
1030 3180 1121 3213 tam
1158 3173 1352 3212 humana
1387 3185 1519 3224 quam
1558 3172 1727 3224 equina,
1750 3173 1842 3213 sine
1879 3173 2014 3213 assisa

292 3248 393 3287 inde
414 3253 544 3299 capta
566 3247 621 3286 ad
644 3246 949 3298 deceptionem
972 3246 1133 3299 populi,
1157 3252 1235 3286 etc.

465 3338 473 3351 ¹
498 3335 580 3366 talia
597 3334 820 3373 vz'ctnalae'mn‚]
840 3334 941 3366 ‘tales
957 3333 1138 3371 victuales‚’
1156 3333 1230 3367 MS.
1350 3336 1362 3350 ²
1383 3334 1527 3374 avt'um,]
1545 3338 1635 3371 ωτι,
1656 3334 1804 3371 (ovorum
1816 3334 1842 3372 ?)
