<?xml version="1.0" encoding="UTF-8"?>
<!DOCTYPE html PUBLIC "-//W3C//DTD XHTML 1.0 Transitional//EN"
    "http://www.w3.org/TR/xhtml1/DTD/xhtml1-transitional.dtd">
<html xmlns="http://www.w3.org/1999/xhtml" xml:lang="en" lang="en">
 <head>
  <title>
</title>
<meta http-equiv="Content-Type" content="text/html;charset=utf-8" />
  <meta name='ocr-system' content='tesseract 3.04.00' />
  <meta name='ocr-capabilities' content='ocr_page ocr_carea ocr_par ocr_line ocrx_word'/>
</head>
<body>
  <div class='ocr_page' id='page_1' title='image "./recordsofborough01nott_0328.png"; bbox 0 0 2198 3845; ppageno 0'>
   <div class='ocr_carea' id='block_1_1' title="bbox 342 414 2061 468">
    <p class='ocr_par' dir='ltr' id='par_1_1' title="bbox 342 414 2061 468">
     <span class='ocr_line' id='line_1_1' title="bbox 342 414 2061 468; baseline 0 -13"><span class='ocrx_word' id='word_1_1' title='bbox 342 424 424 465; x_wconf 85' lang='lat'>304</span> <span class='ocrx_word' id='word_1_2' title='bbox 604 423 823 456; x_wconf 80' lang='lat' dir='ltr'>RECORDS</span> <span class='ocrx_word' id='word_1_3' title='bbox 855 423 915 455; x_wconf 88' lang='lat' dir='ltr'>OF</span> <span class='ocrx_word' id='word_1_4' title='bbox 948 424 1047 454; x_wconf 85' lang='lat' dir='ltr'>THE</span> <span class='ocrx_word' id='word_1_5' title='bbox 1080 422 1316 455; x_wconf 80' lang='lat' dir='ltr'>BOROUGH</span> <span class='ocrx_word' id='word_1_6' title='bbox 1349 422 1409 453; x_wconf 85' lang='lat' dir='ltr'>OF</span> <span class='ocrx_word' id='word_1_7' title='bbox 1444 422 1792 454; x_wconf 77' lang='lat' dir='ltr'>NOTTINGHAM.</span> <span class='ocrx_word' id='word_1_8' title='bbox 1929 414 2061 468; x_wconf 86' lang='lat'>[1396</span> 
     </span>
    </p>
   </div>
   <div class='ocr_carea' id='block_1_2' title="bbox 334 545 2064 3263">
    <p class='ocr_par' dir='ltr' id='par_1_2' title="bbox 338 545 2062 748">
     <span class='ocr_line' id='line_1_2' title="bbox 338 545 2062 600; baseline 0.001 -14"><span class='ocrx_word' id='word_1_9' title='bbox 338 546 455 586; x_wconf 88' lang='lat' dir='ltr'>unde</span> <span class='ocrx_word' id='word_1_10' title='bbox 486 546 750 587; x_wconf 86' lang='lat' dir='ltr'>attachiatus</span> <span class='ocrx_word' id='word_1_11' title='bbox 783 552 858 595; x_wconf 84' lang='lat' dir='ltr'>est,</span> <span class='ocrx_word' id='word_1_12' title='bbox 882 553 959 586; x_wconf 92' lang='lat' dir='ltr'>etc.</span> <span class='ocrx_word' id='word_1_13' title='bbox 1025 546 1083 586; x_wconf 88' lang='lat' dir='ltr'>Et</span> <span class='ocrx_word' id='word_1_14' title='bbox 1115 545 1216 586; x_wconf 91' lang='lat' dir='ltr'>inde</span> <span class='ocrx_word' id='word_1_15' title='bbox 1248 545 1364 586; x_wconf 91' lang='lat' dir='ltr'>idem</span> <span class='ocrx_word' id='word_1_16' title='bbox 1400 545 1619 587; x_wconf 91' lang='lat' dir='ltr'>Robertus</span> <span class='ocrx_word' id='word_1_17' title='bbox 1651 546 1780 596; x_wconf 87' lang='lat' dir='ltr'>venit,</span> <span class='ocrx_word' id='word_1_18' title='bbox 1804 552 1847 587; x_wconf 90' lang='lat' dir='ltr'>et</span> <span class='ocrx_word' id='word_1_19' title='bbox 1869 546 1994 600; x_wconf 91' lang='lat' dir='ltr'>ponit</span> <span class='ocrx_word' id='word_1_20' title='bbox 2016 560 2062 587; x_wconf 88' lang='lat' dir='ltr'>se</span> 
     </span>
     <span class='ocr_line' id='line_1_3' title="bbox 339 620 2060 674; baseline 0.001 -14"><span class='ocrx_word' id='word_1_21' title='bbox 339 620 381 660; x_wconf 91' lang='lat' dir='ltr'>in</span> <span class='ocrx_word' id='word_1_22' title='bbox 416 621 556 673; x_wconf 86' lang='lat' dir='ltr'>gratia</span> <span class='ocrx_word' id='word_1_23' title='bbox 593 621 783 674; x_wconf 82' lang='lat' dir='ltr'>Majoris,</span> <span class='ocrx_word' id='word_1_24' title='bbox 821 627 864 661; x_wconf 93' lang='lat' dir='ltr'>et</span> <span class='ocrx_word' id='word_1_25' title='bbox 900 620 1028 660; x_wconf 83' lang='lat' dir='ltr'>solvit</span> <span class='ocrx_word' id='word_1_26' title='bbox 1064 620 1160 673; x_wconf 63' lang='lat' dir='ltr'>vjd„</span> <span class='ocrx_word' id='word_1_27' title='bbox 1198 626 1241 660; x_wconf 92' lang='lat' dir='ltr'>et</span> <span class='ocrx_word' id='word_1_28' title='bbox 1278 620 1378 660; x_wconf 90' lang='lat' dir='ltr'>inde</span> <span class='ocrx_word' id='word_1_29' title='bbox 1413 620 1577 661; x_wconf 86' lang='lat' dir='ltr'>invenit</span> <span class='ocrx_word' id='word_1_30' title='bbox 1614 620 1781 673; x_wconf 80' lang='lat' dir='ltr'>plegios</span> <span class='ocrx_word' id='word_1_31' title='bbox 1822 621 2060 674; x_wconf 83' lang='lat' dir='ltr'>Hugonem</span> 
     </span>
     <span class='ocr_line' id='line_1_4' title="bbox 339 693 1859 748; baseline 0 -14"><span class='ocrx_word' id='word_1_32' title='bbox 339 695 726 747; x_wconf 58' lang='lat' dir='ltr'>X&#39;Vymundeslowe</span> <span class='ocrx_word' id='word_1_33' title='bbox 749 702 791 735; x_wconf 94' lang='lat' dir='ltr'>et</span> <span class='ocrx_word' id='word_1_34' title='bbox 814 694 1035 734; x_wconf 88' lang='lat' dir='ltr'>Thomam</span> <span class='ocrx_word' id='word_1_35' title='bbox 1058 695 1113 734; x_wconf 90' lang='lat' dir='ltr'>de</span> <span class='ocrx_word' id='word_1_36' title='bbox 1137 693 1355 743; x_wconf 86' lang='lat' dir='ltr'>Bedfford‚</span> <span class='ocrx_word' id='word_1_37' title='bbox 1379 694 1460 734; x_wconf 82' lang='lat' dir='ltr'>sub</span> <span class='ocrx_word' id='word_1_38' title='bbox 1482 708 1625 747; x_wconf 89' lang='lat' dir='ltr'>poena</span> <span class='ocrx_word' id='word_1_39' title='bbox 1645 695 1720 748; x_wconf 74' lang='lat' dir='ltr'>vjs.</span> <span class='ocrx_word' id='word_1_40' title='bbox 1744 695 1859 748; x_wconf 88' lang='lat' dir='ltr'>viijd.</span> 
     </span>
    </p>

    <p class='ocr_par' dir='ltr' id='par_1_3' title="bbox 336 767 2064 1488">
     <span class='ocr_line' id='line_1_5' title="bbox 428 767 2062 817; baseline 0.001 -9"><span class='ocrx_word' id='word_1_41' title='bbox 428 769 645 809; x_wconf 83' lang='lat' dir='ltr'>Robertus</span> <span class='ocrx_word' id='word_1_42' title='bbox 694 768 856 810; x_wconf 86' lang='lat' dir='ltr'>Ostiler</span> <span class='ocrx_word' id='word_1_43' title='bbox 902 774 944 808; x_wconf 92' lang='lat' dir='ltr'>et</span> <span class='ocrx_word' id='word_1_44' title='bbox 991 767 1237 808; x_wconf 59' lang='lat' dir='ltr'>XVillelmus</span> <span class='ocrx_word' id='word_1_45' title='bbox 1287 767 1469 817; x_wconf 87' lang='lat' dir='ltr'>Boteler‚</span> <span class='ocrx_word' id='word_1_46' title='bbox 1514 768 1684 817; x_wconf 81' lang='lat' dir='ltr'>bocher,</span> <span class='ocrx_word' id='word_1_47' title='bbox 1731 769 1961 809; x_wconf 89' lang='lat' dir='ltr'>Decenarii</span> <span class='ocrx_word' id='word_1_48' title='bbox 2007 769 2062 809; x_wconf 91' lang='lat' dir='ltr'>de</span> 
     </span>
     <span class='ocr_line' id='line_1_6' title="bbox 340 840 2064 896; baseline 0.001 -15"><span class='ocrx_word' id='word_1_49' title='bbox 340 842 661 895; x_wconf 86' lang='lat' dir='ltr'>Midilpament,</span> <span class='ocrx_word' id='word_1_50' title='bbox 685 848 966 895; x_wconf 85' lang='lat' dir='ltr'>praesentant</span> <span class='ocrx_word' id='word_1_51' title='bbox 989 855 1120 882; x_wconf 87' lang='lat' dir='ltr'>unam</span> <span class='ocrx_word' id='word_1_52' title='bbox 1152 840 1348 882; x_wconf 86' lang='lat' dir='ltr'>affraiam</span> <span class='ocrx_word' id='word_1_53' title='bbox 1380 841 1540 883; x_wconf 86' lang='lat' dir='ltr'>factam</span> <span class='ocrx_word' id='word_1_54' title='bbox 1571 856 1669 882; x_wconf 89' lang='lat' dir='ltr'>cum</span> <span class='ocrx_word' id='word_1_55' title='bbox 1699 843 1912 895; x_wconf 83' lang='lat' dir='ltr'>sanguine</span> <span class='ocrx_word' id='word_1_56' title='bbox 1934 857 2064 896; x_wconf 89' lang='lat' dir='ltr'>super</span> 
     </span>
     <span class='ocr_line' id='line_1_7' title="bbox 339 915 2061 970; baseline 0.001 -14"><span class='ocrx_word' id='word_1_57' title='bbox 339 915 608 956; x_wconf 44' lang='lat' dir='ltr'>&amp;Villelmum</span> <span class='ocrx_word' id='word_1_58' title='bbox 639 916 693 955; x_wconf 90' lang='lat' dir='ltr'>de</span> <span class='ocrx_word' id='word_1_59' title='bbox 725 916 1002 956; x_wconf 86' lang='lat' dir='ltr'>Normanton</span> <span class='ocrx_word' id='word_1_60' title='bbox 1026 929 1173 956; x_wconf 79' lang='lat' dir='ltr'>versus</span> <span class='ocrx_word' id='word_1_61' title='bbox 1206 915 1522 969; x_wconf 89' lang='lat' dir='ltr'>Randulphum</span> <span class='ocrx_word' id='word_1_62' title='bbox 1554 916 1738 965; x_wconf 87' lang='lat' dir='ltr'>Pollard,</span> <span class='ocrx_word' id='word_1_63' title='bbox 1762 930 1840 969; x_wconf 91' lang='lat' dir='ltr'>pro</span> <span class='ocrx_word' id='word_1_64' title='bbox 1869 930 1921 957; x_wconf 94' lang='lat' dir='ltr'>eo</span> <span class='ocrx_word' id='word_1_65' title='bbox 1943 918 2061 970; x_wconf 90' lang='lat' dir='ltr'>quod</span> 
     </span>
     <span class='ocr_line' id='line_1_8' title="bbox 337 989 2061 1043; baseline 0.001 -14"><span class='ocrx_word' id='word_1_66' title='bbox 337 990 584 1042; x_wconf 90' lang='lat' dir='ltr'>praedictus</span> <span class='ocrx_word' id='word_1_67' title='bbox 600 989 845 1029; x_wconf 53' lang='lat' dir='ltr'>&amp;Villelmus</span> <span class='ocrx_word' id='word_1_68' title='bbox 864 989 1066 1030; x_wconf 80' lang='lat' dir='ltr'>tractavit</span> <span class='ocrx_word' id='word_1_69' title='bbox 1084 989 1335 1030; x_wconf 84' lang='lat' dir='ltr'>baslardum</span> <span class='ocrx_word' id='word_1_70' title='bbox 1359 1004 1485 1030; x_wconf 83' lang='lat' dir='ltr'>suum</span> <span class='ocrx_word' id='word_1_71' title='bbox 1505 1004 1591 1030; x_wconf 92' lang='lat' dir='ltr'>non</span> <span class='ocrx_word' id='word_1_72' title='bbox 1609 990 1751 1043; x_wconf 92' lang='lat' dir='ltr'>primo</span> <span class='ocrx_word' id='word_1_73' title='bbox 1768 990 2061 1043; x_wconf 81' lang='lat' dir='ltr'>evaginatum,</span> 
     </span>
     <span class='ocr_line' id='line_1_9' title="bbox 337 1063 2060 1117; baseline 0.001 -14"><span class='ocrx_word' id='word_1_74' title='bbox 337 1070 401 1104; x_wconf 89' lang='lat' dir='ltr'>set</span> <span class='ocrx_word' id='word_1_75' title='bbox 424 1070 576 1116; x_wconf 89' lang='lat' dir='ltr'>postea</span> <span class='ocrx_word' id='word_1_76' title='bbox 599 1063 870 1116; x_wconf 84' lang='lat' dir='ltr'>praedictum</span> <span class='ocrx_word' id='word_1_77' title='bbox 896 1063 1211 1116; x_wconf 85' lang='lat' dir='ltr'>Randulphum</span> <span class='ocrx_word' id='word_1_78' title='bbox 1236 1064 1484 1117; x_wconf 88' lang='lat' dir='ltr'>praedictus</span> <span class='ocrx_word' id='word_1_79' title='bbox 1504 1064 1748 1104; x_wconf 63' lang='lat' dir='ltr'>XVillelmus</span> <span class='ocrx_word' id='word_1_80' title='bbox 1771 1063 1938 1117; x_wconf 84' lang='lat' dir='ltr'>fugavit</span> <span class='ocrx_word' id='word_1_81' title='bbox 1961 1079 2060 1105; x_wconf 92' lang='lat' dir='ltr'>cum</span> 
     </span>
     <span class='ocr_line' id='line_1_10' title="bbox 336 1137 2061 1191; baseline 0.001 -14"><span class='ocrx_word' id='word_1_82' title='bbox 336 1137 539 1177; x_wconf 78' lang='lat' dir='ltr'>basiardo</span> <span class='ocrx_word' id='word_1_83' title='bbox 568 1151 646 1177; x_wconf 86' lang='lat' dir='ltr'>suo</span> <span class='ocrx_word' id='word_1_84' title='bbox 675 1138 908 1191; x_wconf 80' lang='lat' dir='ltr'>evaginato</span> <span class='ocrx_word' id='word_1_85' title='bbox 938 1138 979 1177; x_wconf 95' lang='lat' dir='ltr'>in</span> <span class='ocrx_word' id='word_1_86' title='bbox 1010 1138 1191 1178; x_wconf 89' lang='lat' dir='ltr'>domum</span> <span class='ocrx_word' id='word_1_87' title='bbox 1226 1152 1348 1178; x_wconf 89' lang='lat' dir='ltr'>suam</span> <span class='ocrx_word' id='word_1_88' title='bbox 1382 1138 1614 1191; x_wconf 76' lang='lat' dir='ltr'>propriam,</span> <span class='ocrx_word' id='word_1_89' title='bbox 1647 1145 1689 1179; x_wconf 94' lang='lat' dir='ltr'>et</span> <span class='ocrx_word' id='word_1_90' title='bbox 1721 1138 1781 1178; x_wconf 92' lang='lat' dir='ltr'>sic</span> <span class='ocrx_word' id='word_1_91' title='bbox 1813 1139 2061 1191; x_wconf 90' lang='lat' dir='ltr'>praedictus</span> 
     </span>
     <span class='ocr_line' id='line_1_11' title="bbox 336 1211 2062 1266; baseline 0.002 -15"><span class='ocrx_word' id='word_1_92' title='bbox 336 1211 581 1252; x_wconf 61' lang='lat' dir='ltr'>XVillelmus</span> <span class='ocrx_word' id='word_1_93' title='bbox 619 1213 889 1266; x_wconf 76' lang='lat' dir='ltr'>percutiebat</span> <span class='ocrx_word' id='word_1_94' title='bbox 926 1212 1197 1265; x_wconf 84' lang='lat' dir='ltr'>praedictum</span> <span class='ocrx_word' id='word_1_95' title='bbox 1239 1212 1554 1265; x_wconf 88' lang='lat' dir='ltr'>Randulphum</span> <span class='ocrx_word' id='word_1_96' title='bbox 1597 1226 1695 1252; x_wconf 90' lang='lat' dir='ltr'>cum</span> <span class='ocrx_word' id='word_1_97' title='bbox 1738 1212 1942 1253; x_wconf 88' lang='lat' dir='ltr'>baslardo</span> <span class='ocrx_word' id='word_1_98' title='bbox 1983 1227 2062 1254; x_wconf 89' lang='lat' dir='ltr'>suo</span> 
     </span>
     <span class='ocr_line' id='line_1_12' title="bbox 336 1286 2061 1339; baseline 0.001 -14"><span class='ocrx_word' id='word_1_99' title='bbox 336 1291 534 1335; x_wconf 87' lang='lat' dir='ltr'>tractato,</span> <span class='ocrx_word' id='word_1_100' title='bbox 569 1293 722 1339; x_wconf 82' lang='lat' dir='ltr'>postea</span> <span class='ocrx_word' id='word_1_101' title='bbox 756 1287 915 1328; x_wconf 89' lang='lat' dir='ltr'>ostium</span> <span class='ocrx_word' id='word_1_102' title='bbox 951 1286 1161 1339; x_wconf 80' lang='lat' dir='ltr'>praedicti</span> <span class='ocrx_word' id='word_1_103' title='bbox 1198 1286 1464 1339; x_wconf 87' lang='lat' dir='ltr'>Randulphi,</span> <span class='ocrx_word' id='word_1_104' title='bbox 1499 1293 1650 1327; x_wconf 89' lang='lat' dir='ltr'>contra</span> <span class='ocrx_word' id='word_1_105' title='bbox 1687 1300 1840 1339; x_wconf 89' lang='lat' dir='ltr'>pacem</span> <span class='ocrx_word' id='word_1_106' title='bbox 1880 1287 2061 1327; x_wconf 89' lang='lat' dir='ltr'>Domini</span> 
     </span>
     <span class='ocr_line' id='line_1_13' title="bbox 339 1359 2062 1412; baseline 0.002 -13"><span class='ocrx_word' id='word_1_107' title='bbox 339 1359 482 1412; x_wconf 82' lang='lat' dir='ltr'>Regis,</span> <span class='ocrx_word' id='word_1_108' title='bbox 506 1367 595 1409; x_wconf 77' lang='lat' dir='ltr'>etc,</span> <span class='ocrx_word' id='word_1_109' title='bbox 625 1368 667 1401; x_wconf 91' lang='lat' dir='ltr'>et</span> <span class='ocrx_word' id='word_1_110' title='bbox 697 1361 797 1402; x_wconf 89' lang='lat' dir='ltr'>inde</span> <span class='ocrx_word' id='word_1_111' title='bbox 827 1361 1091 1402; x_wconf 87' lang='lat' dir='ltr'>attachiatus</span> <span class='ocrx_word' id='word_1_112' title='bbox 1124 1367 1199 1409; x_wconf 93' lang='lat' dir='ltr'>est,</span> <span class='ocrx_word' id='word_1_113' title='bbox 1223 1367 1299 1400; x_wconf 89' lang='lat' dir='ltr'>etc.</span> <span class='ocrx_word' id='word_1_114' title='bbox 1366 1360 1423 1401; x_wconf 87' lang='lat' dir='ltr'>Et</span> <span class='ocrx_word' id='word_1_115' title='bbox 1456 1360 1571 1400; x_wconf 90' lang='lat' dir='ltr'>idem</span> <span class='ocrx_word' id='word_1_116' title='bbox 1594 1360 1841 1401; x_wconf 52' lang='lat' dir='ltr'>&amp;villelmus</span> <span class='ocrx_word' id='word_1_117' title='bbox 1863 1361 1992 1411; x_wconf 82' lang='lat' dir='ltr'>venit,</span> <span class='ocrx_word' id='word_1_118' title='bbox 2019 1367 2062 1402; x_wconf 89' lang='lat' dir='ltr'>et</span> 
     </span>
     <span class='ocr_line' id='line_1_14' title="bbox 336 1434 1296 1488; baseline 0.001 -15"><span class='ocrx_word' id='word_1_119' title='bbox 336 1434 460 1486; x_wconf 89' lang='lat' dir='ltr'>ponit</span> <span class='ocrx_word' id='word_1_120' title='bbox 482 1448 527 1474; x_wconf 90' lang='lat' dir='ltr'>se</span> <span class='ocrx_word' id='word_1_121' title='bbox 550 1435 591 1474; x_wconf 91' lang='lat' dir='ltr'>in</span> <span class='ocrx_word' id='word_1_122' title='bbox 615 1436 755 1488; x_wconf 81' lang='lat' dir='ltr'>gratia</span> <span class='ocrx_word' id='word_1_123' title='bbox 778 1435 969 1488; x_wconf 70' lang='lat' dir='ltr'>Majmis,</span> <span class='ocrx_word' id='word_1_124' title='bbox 993 1442 1035 1475; x_wconf 92' lang='lat' dir='ltr'>et</span> <span class='ocrx_word' id='word_1_125' title='bbox 1058 1434 1186 1475; x_wconf 77' lang='lat' dir='ltr'>solvit</span> <span class='ocrx_word' id='word_1_126' title='bbox 1210 1434 1296 1474; x_wconf 79' lang='lat' dir='ltr'>ixd.</span> 
     </span>
    </p>

    <p class='ocr_par' dir='ltr' id='par_1_4' title="bbox 335 1507 2062 2007">
     <span class='ocr_line' id='line_1_15' title="bbox 423 1507 2060 1562; baseline 0.001 -14"><span class='ocrx_word' id='word_1_127' title='bbox 423 1509 618 1549; x_wconf 87' lang='lat' dir='ltr'>Thomas</span> <span class='ocrx_word' id='word_1_128' title='bbox 642 1509 846 1562; x_wconf 79' lang='lat' dir='ltr'>Audeley</span> <span class='ocrx_word' id='word_1_129' title='bbox 870 1516 912 1550; x_wconf 87' lang='grc'>6(</span> <span class='ocrx_word' id='word_1_130' title='bbox 938 1509 1156 1550; x_wconf 85' lang='lat' dir='ltr'>Robertus</span> <span class='ocrx_word' id='word_1_131' title='bbox 1179 1508 1233 1548; x_wconf 87' lang='lat' dir='ltr'>de</span> <span class='ocrx_word' id='word_1_132' title='bbox 1257 1507 1537 1561; x_wconf 84' lang='lat' dir='ltr'>Stappulton,</span> <span class='ocrx_word' id='word_1_133' title='bbox 1563 1508 1793 1548; x_wconf 90' lang='lat' dir='ltr'>Decenarii</span> <span class='ocrx_word' id='word_1_134' title='bbox 1816 1508 1871 1548; x_wconf 93' lang='lat' dir='ltr'>de</span> <span class='ocrx_word' id='word_1_135' title='bbox 1902 1508 2060 1562; x_wconf 85' lang='lat' dir='ltr'>Seynt-</span> 
     </span>
     <span class='ocr_line' id='line_1_16' title="bbox 337 1581 2062 1636; baseline 0 -14"><span class='ocrx_word' id='word_1_136' title='bbox 337 1590 559 1636; x_wconf 84' lang='lat' dir='ltr'>maregate</span> <span class='ocrx_word' id='word_1_137' title='bbox 593 1590 635 1624; x_wconf 88' lang='lat' dir='ltr'>et</span> <span class='ocrx_word' id='word_1_138' title='bbox 669 1585 724 1624; x_wconf 91' lang='lat' dir='ltr'>de</span> <span class='ocrx_word' id='word_1_139' title='bbox 757 1583 1028 1632; x_wconf 63' lang='lat' dir='ltr'>VVallessete,</span> <span class='ocrx_word' id='word_1_140' title='bbox 1063 1589 1344 1636; x_wconf 85' lang='lat' dir='ltr'>praesentant</span> <span class='ocrx_word' id='word_1_141' title='bbox 1379 1596 1511 1622; x_wconf 89' lang='lat' dir='ltr'>unam</span> <span class='ocrx_word' id='word_1_142' title='bbox 1545 1581 1741 1622; x_wconf 87' lang='lat' dir='ltr'>affraiam</span> <span class='ocrx_word' id='word_1_143' title='bbox 1775 1581 1936 1623; x_wconf 88' lang='lat' dir='ltr'>factam</span> <span class='ocrx_word' id='word_1_144' title='bbox 1969 1583 2062 1622; x_wconf 90' lang='lat' dir='ltr'>sine</span> 
     </span>
     <span class='ocr_line' id='line_1_17' title="bbox 336 1656 2061 1711; baseline 0 -15"><span class='ocrx_word' id='word_1_145' title='bbox 336 1658 547 1710; x_wconf 78' lang='lat' dir='ltr'>sanguine</span> <span class='ocrx_word' id='word_1_146' title='bbox 598 1672 727 1711; x_wconf 86' lang='lat' dir='ltr'>super</span> <span class='ocrx_word' id='word_1_147' title='bbox 781 1659 1003 1711; x_wconf 83' lang='lat' dir='ltr'>Rogerum</span> <span class='ocrx_word' id='word_1_148' title='bbox 1059 1657 1206 1697; x_wconf 82' lang='lat' dir='ltr'>Doket</span> <span class='ocrx_word' id='word_1_149' title='bbox 1260 1670 1405 1697; x_wconf 77' lang='lat' dir='ltr'>versus</span> <span class='ocrx_word' id='word_1_150' title='bbox 1455 1657 1710 1696; x_wconf 87' lang='lat' dir='ltr'>Emmotam</span> <span class='ocrx_word' id='word_1_151' title='bbox 1765 1656 1964 1709; x_wconf 90' lang='lat' dir='ltr'>Bischop,</span> <span class='ocrx_word' id='word_1_152' title='bbox 2007 1657 2061 1697; x_wconf 90' lang='lat' dir='ltr'>de</span> 
     </span>
     <span class='ocr_line' id='line_1_18' title="bbox 338 1730 2060 1785; baseline -0.002 -13"><span class='ocrx_word' id='word_1_153' title='bbox 338 1732 579 1784; x_wconf 86' lang='lat' dir='ltr'>Sneynton‚</span> <span class='ocrx_word' id='word_1_154' title='bbox 614 1746 691 1785; x_wconf 89' lang='lat' dir='ltr'>pro</span> <span class='ocrx_word' id='word_1_155' title='bbox 734 1746 785 1772; x_wconf 94' lang='lat' dir='ltr'>eo</span> <span class='ocrx_word' id='word_1_156' title='bbox 822 1732 939 1785; x_wconf 89' lang='lat' dir='ltr'>quod</span> <span class='ocrx_word' id='word_1_157' title='bbox 982 1731 1230 1784; x_wconf 85' lang='lat' dir='ltr'>praedictus</span> <span class='ocrx_word' id='word_1_158' title='bbox 1275 1731 1474 1783; x_wconf 80' lang='lat' dir='ltr'>Rogcrus</span> <span class='ocrx_word' id='word_1_159' title='bbox 1516 1730 1748 1783; x_wconf 85' lang='lat' dir='ltr'>alapizavit</span> <span class='ocrx_word' id='word_1_160' title='bbox 1790 1730 2060 1783; x_wconf 79' lang='lat' dir='ltr'>praedictam</span> 
     </span>
     <span class='ocr_line' id='line_1_19' title="bbox 338 1803 2061 1858; baseline -0.001 -12"><span class='ocrx_word' id='word_1_161' title='bbox 338 1806 544 1847; x_wconf 87' lang='lat' dir='ltr'>Emotam</span> <span class='ocrx_word' id='word_1_162' title='bbox 574 1807 613 1846; x_wconf 90' lang='lat' dir='ltr'>in</span> <span class='ocrx_word' id='word_1_163' title='bbox 645 1806 1033 1846; x_wconf 84' lang='lat' dir='ltr'>constabularitate</span> <span class='ocrx_word' id='word_1_164' title='bbox 1056 1806 1110 1846; x_wconf 89' lang='lat' dir='ltr'>de</span> <span class='ocrx_word' id='word_1_165' title='bbox 1134 1804 1491 1858; x_wconf 81' lang='lat' dir='ltr'>Seyntmarigate</span> <span class='ocrx_word' id='word_1_166' title='bbox 1513 1804 1567 1843; x_wconf 93' lang='lat' dir='ltr'>de</span> <span class='ocrx_word' id='word_1_167' title='bbox 1599 1803 1885 1856; x_wconf 67' lang='lat' dir='ltr'>Noffingham,</span> <span class='ocrx_word' id='word_1_168' title='bbox 1908 1810 2061 1845; x_wconf 88' lang='lat' dir='ltr'>contra</span> 
     </span>
     <span class='ocr_line' id='line_1_20' title="bbox 335 1878 2060 1933; baseline -0.001 -13"><span class='ocrx_word' id='word_1_169' title='bbox 335 1894 488 1933; x_wconf 80' lang='lat' dir='ltr'><strong>pacem</strong></span> <span class='ocrx_word' id='word_1_170' title='bbox 521 1881 699 1921; x_wconf 82' lang='lat' dir='ltr'>Domini</span> <span class='ocrx_word' id='word_1_171' title='bbox 736 1881 878 1933; x_wconf 81' lang='lat' dir='ltr'>Regis,</span> <span class='ocrx_word' id='word_1_172' title='bbox 907 1887 996 1929; x_wconf 56' lang='lat' dir='ltr'>etc„</span> <span class='ocrx_word' id='word_1_173' title='bbox 1027 1880 1142 1920; x_wconf 91' lang='lat' dir='ltr'>unde</span> <span class='ocrx_word' id='word_1_174' title='bbox 1175 1879 1438 1919; x_wconf 85' lang='lat' dir='ltr'>attachiatus</span> <span class='ocrx_word' id='word_1_175' title='bbox 1472 1884 1547 1927; x_wconf 84' lang='lat' dir='ltr'>est,</span> <span class='ocrx_word' id='word_1_176' title='bbox 1577 1884 1654 1919; x_wconf 91' lang='lat' dir='ltr'>etc.</span> <span class='ocrx_word' id='word_1_177' title='bbox 1721 1878 1778 1918; x_wconf 87' lang='lat' dir='ltr'>Et</span> <span class='ocrx_word' id='word_1_178' title='bbox 1810 1878 1911 1918; x_wconf 88' lang='lat' dir='ltr'>inde</span> <span class='ocrx_word' id='word_1_179' title='bbox 1944 1878 2060 1919; x_wconf 89' lang='lat' dir='ltr'>idem</span> 
     </span>
     <span class='ocr_line' id='line_1_21' title="bbox 338 1952 1736 2007; baseline -0.001 -13"><span class='ocrx_word' id='word_1_180' title='bbox 338 1955 535 2007; x_wconf 84' lang='lat' dir='ltr'>Rogerus</span> <span class='ocrx_word' id='word_1_181' title='bbox 558 1955 688 2004; x_wconf 82' lang='lat' dir='ltr'>venit,</span> <span class='ocrx_word' id='word_1_182' title='bbox 711 1962 753 1995; x_wconf 87' lang='grc'>6(</span> <span class='ocrx_word' id='word_1_183' title='bbox 776 1954 900 2007; x_wconf 90' lang='lat' dir='ltr'>ponit</span> <span class='ocrx_word' id='word_1_184' title='bbox 923 1968 968 1994; x_wconf 91' lang='lat' dir='ltr'>se</span> <span class='ocrx_word' id='word_1_185' title='bbox 991 1954 1032 1994; x_wconf 91' lang='lat' dir='ltr'>in</span> <span class='ocrx_word' id='word_1_186' title='bbox 1056 1954 1197 2007; x_wconf 81' lang='lat' dir='ltr'>gratia</span> <span class='ocrx_word' id='word_1_187' title='bbox 1220 1953 1413 2006; x_wconf 78' lang='lat' dir='ltr'>Majoris‚</span> <span class='ocrx_word' id='word_1_188' title='bbox 1437 1959 1480 1993; x_wconf 89' lang='lat' dir='ltr'>et</span> <span class='ocrx_word' id='word_1_189' title='bbox 1503 1952 1631 1993; x_wconf 73' lang='lat' dir='ltr'>solvit</span> <span class='ocrx_word' id='word_1_190' title='bbox 1653 1952 1736 2005; x_wconf 79' lang='lat' dir='ltr'>vjd.</span> 
     </span>
    </p>

    <p class='ocr_par' dir='ltr' id='par_1_5' title="bbox 334 2026 2060 2380">
     <span class='ocr_line' id='line_1_22' title="bbox 424 2026 2059 2081; baseline 0 -14"><span class='ocrx_word' id='word_1_191' title='bbox 424 2028 636 2068; x_wconf 89' lang='lat' dir='ltr'>Ricardus</span> <span class='ocrx_word' id='word_1_192' title='bbox 665 2029 956 2069; x_wconf 60' lang='lat' dir='ltr'>XValleswode</span> <span class='ocrx_word' id='word_1_193' title='bbox 985 2035 1027 2069; x_wconf 94' lang='lat' dir='ltr'>et</span> <span class='ocrx_word' id='word_1_194' title='bbox 1058 2028 1282 2081; x_wconf 87' lang='lat' dir='ltr'>Johannes</span> <span class='ocrx_word' id='word_1_195' title='bbox 1316 2027 1486 2076; x_wconf 74' lang='lat' dir='ltr'>Glover,</span> <span class='ocrx_word' id='word_1_196' title='bbox 1519 2027 1749 2067; x_wconf 90' lang='lat' dir='ltr'>Decenarii</span> <span class='ocrx_word' id='word_1_197' title='bbox 1779 2027 1834 2067; x_wconf 93' lang='lat' dir='ltr'>de</span> <span class='ocrx_word' id='word_1_198' title='bbox 1867 2026 2059 2067; x_wconf 88' lang='lat' dir='ltr'>Brodde-</span> 
     </span>
     <span class='ocr_line' id='line_1_23' title="bbox 336 2102 2059 2164; baseline -0.001 -21"><span class='ocrx_word' id='word_1_199' title='bbox 336 2103 518 2152; x_wconf 89' lang='lat' dir='ltr'>merche,</span> <span class='ocrx_word' id='word_1_200' title='bbox 553 2111 834 2157; x_wconf 89' lang='lat' dir='ltr'>praesentant</span> <span class='ocrx_word' id='word_1_201' title='bbox 868 2104 986 2157; x_wconf 83' lang='lat' dir='ltr'>quod</span> <span class='ocrx_word' id='word_1_202' title='bbox 1026 2104 1278 2156; x_wconf 80' lang='lat' dir='ltr'>Margareta</span> <span class='ocrx_word' id='word_1_203' title='bbox 1313 2103 1410 2164; x_wconf 72' lang='lat' dir='ltr'>3ole</span> <span class='ocrx_word' id='word_1_204' title='bbox 1447 2110 1512 2143; x_wconf 88' lang='lat' dir='ltr'>est</span> <span class='ocrx_word' id='word_1_205' title='bbox 1549 2103 1748 2143; x_wconf 81' lang='lat' dir='ltr'>inventa1</span> <span class='ocrx_word' id='word_1_206' title='bbox 1784 2102 2059 2155; x_wconf 84' lang='lat' dir='ltr'>objurgatrix</span> 
     </span>
     <span class='ocr_line' id='line_1_24' title="bbox 335 2176 2059 2229; baseline -0.001 -12"><span class='ocrx_word' id='word_1_207' title='bbox 335 2178 376 2217; x_wconf 89' lang='lat' dir='ltr'>in</span> <span class='ocrx_word' id='word_1_208' title='bbox 416 2178 488 2218; x_wconf 88' lang='lat' dir='ltr'>illo</span> <span class='ocrx_word' id='word_1_209' title='bbox 522 2178 616 2218; x_wconf 83' lang='lat' dir='ltr'>vico</span> <span class='ocrx_word' id='word_1_210' title='bbox 650 2192 797 2218; x_wconf 79' lang='lat' dir='ltr'>versus</span> <span class='ocrx_word' id='word_1_211' title='bbox 835 2178 998 2218; x_wconf 79' lang='lat' dir='ltr'>vicinos</span> <span class='ocrx_word' id='word_1_212' title='bbox 1035 2191 1146 2226; x_wconf 89' lang='lat' dir='ltr'>suos,</span> <span class='ocrx_word' id='word_1_213' title='bbox 1184 2183 1336 2217; x_wconf 89' lang='lat' dir='ltr'>contra</span> <span class='ocrx_word' id='word_1_214' title='bbox 1373 2190 1526 2229; x_wconf 88' lang='lat' dir='ltr'>pacem</span> <span class='ocrx_word' id='word_1_215' title='bbox 1567 2177 1746 2217; x_wconf 87' lang='lat' dir='ltr'>Domini</span> <span class='ocrx_word' id='word_1_216' title='bbox 1788 2176 1931 2229; x_wconf 83' lang='lat' dir='ltr'>Regis,</span> <span class='ocrx_word' id='word_1_217' title='bbox 1969 2182 2059 2225; x_wconf 90' lang='lat' dir='ltr'>etc.,</span> 
     </span>
     <span class='ocr_line' id='line_1_25' title="bbox 335 2250 2060 2304; baseline -0.001 -13"><span class='ocrx_word' id='word_1_218' title='bbox 335 2252 450 2291; x_wconf 91' lang='lat' dir='ltr'>unde</span> <span class='ocrx_word' id='word_1_219' title='bbox 483 2252 722 2292; x_wconf 89' lang='lat' dir='ltr'>attachiata</span> <span class='ocrx_word' id='word_1_220' title='bbox 754 2259 829 2301; x_wconf 91' lang='lat' dir='ltr'>est,</span> <span class='ocrx_word' id='word_1_221' title='bbox 862 2259 939 2293; x_wconf 92' lang='lat' dir='ltr'>etc.</span> <span class='ocrx_word' id='word_1_222' title='bbox 1005 2252 1062 2292; x_wconf 86' lang='lat' dir='ltr'>Et</span> <span class='ocrx_word' id='word_1_223' title='bbox 1096 2252 1196 2292; x_wconf 89' lang='lat' dir='ltr'>inde</span> <span class='ocrx_word' id='word_1_224' title='bbox 1228 2251 1382 2291; x_wconf 89' lang='lat' dir='ltr'>eadem</span> <span class='ocrx_word' id='word_1_225' title='bbox 1417 2251 1668 2304; x_wconf 82' lang='lat' dir='ltr'>Margareta</span> <span class='ocrx_word' id='word_1_226' title='bbox 1699 2250 1828 2300; x_wconf 82' lang='lat' dir='ltr'>venit,</span> <span class='ocrx_word' id='word_1_227' title='bbox 1861 2257 1903 2291; x_wconf 91' lang='grc'>6(</span> <span class='ocrx_word' id='word_1_228' title='bbox 1935 2250 2060 2303; x_wconf 91' lang='lat' dir='ltr'>ponit</span> 
     </span>
     <span class='ocr_line' id='line_1_26' title="bbox 334 2323 2009 2380; baseline -0.001 -15"><span class='ocrx_word' id='word_1_229' title='bbox 334 2339 379 2366; x_wconf 92' lang='lat' dir='ltr'>se</span> <span class='ocrx_word' id='word_1_230' title='bbox 401 2339 479 2378; x_wconf 88' lang='lat' dir='ltr'>pro</span> <span class='ocrx_word' id='word_1_231' title='bbox 502 2326 642 2378; x_wconf 89' lang='lat' dir='ltr'>primo</span> <span class='ocrx_word' id='word_1_232' title='bbox 665 2327 824 2367; x_wconf 84' lang='lat' dir='ltr'>delicto</span> <span class='ocrx_word' id='word_1_233' title='bbox 848 2327 889 2366; x_wconf 89' lang='lat' dir='ltr'>in</span> <span class='ocrx_word' id='word_1_234' title='bbox 912 2327 1053 2380; x_wconf 80' lang='lat' dir='ltr'>gratia</span> <span class='ocrx_word' id='word_1_235' title='bbox 1077 2326 1268 2379; x_wconf 86' lang='lat' dir='ltr'>Majoris,</span> <span class='ocrx_word' id='word_1_236' title='bbox 1292 2332 1335 2366; x_wconf 92' lang='grc'>6(</span> <span class='ocrx_word' id='word_1_237' title='bbox 1357 2325 1486 2366; x_wconf 76' lang='lat' dir='ltr'>solvit</span> <span class='ocrx_word' id='word_1_238' title='bbox 1508 2339 1586 2378; x_wconf 89' lang='lat' dir='ltr'>pro</span> <span class='ocrx_word' id='word_1_239' title='bbox 1610 2324 1904 2365; x_wconf 79' lang='lat' dir='ltr'>misericordia</span> <span class='ocrx_word' id='word_1_240' title='bbox 1925 2323 2009 2377; x_wconf 85' lang='lat' dir='ltr'>vjd.</span> 
     </span>
    </p>

    <p class='ocr_par' dir='ltr' id='par_1_6' title="bbox 335 2398 2059 3190">
     <span class='ocr_line' id='line_1_27' title="bbox 424 2398 2058 2454; baseline -0.001 -14"><span class='ocrx_word' id='word_1_241' title='bbox 424 2400 619 2441; x_wconf 79' lang='lat' dir='ltr'>Thomas</span> <span class='ocrx_word' id='word_1_242' title='bbox 642 2401 847 2454; x_wconf 83' lang='lat' dir='ltr'>Audeley</span> <span class='ocrx_word' id='word_1_243' title='bbox 876 2408 918 2442; x_wconf 89' lang='lat' dir='ltr'>et</span> <span class='ocrx_word' id='word_1_244' title='bbox 954 2401 1172 2441; x_wconf 83' lang='lat' dir='ltr'>Robertus</span> <span class='ocrx_word' id='word_1_245' title='bbox 1204 2401 1258 2440; x_wconf 92' lang='lat' dir='ltr'>de</span> <span class='ocrx_word' id='word_1_246' title='bbox 1292 2399 1571 2453; x_wconf 85' lang='lat' dir='ltr'>Stappulton,</span> <span class='ocrx_word' id='word_1_247' title='bbox 1602 2399 1794 2448; x_wconf 88' lang='lat' dir='ltr'>butcher,</span> <span class='ocrx_word' id='word_1_248' title='bbox 1829 2398 2058 2439; x_wconf 89' lang='lat' dir='ltr'>Decenarii</span> 
     </span>
     <span class='ocr_line' id='line_1_28' title="bbox 335 2472 2058 2528; baseline -0.001 -14"><span class='ocrx_word' id='word_1_249' title='bbox 335 2474 389 2514; x_wconf 92' lang='lat' dir='ltr'>de</span> <span class='ocrx_word' id='word_1_250' title='bbox 420 2474 785 2528; x_wconf 80' lang='lat' dir='ltr'>Seyntmaregate</span> <span class='ocrx_word' id='word_1_251' title='bbox 820 2482 862 2515; x_wconf 91' lang='grc'>6(</span> <span class='ocrx_word' id='word_1_252' title='bbox 891 2475 945 2515; x_wconf 83' lang='grc'>(16</span> <span class='ocrx_word' id='word_1_253' title='bbox 974 2474 1221 2523; x_wconf 59' lang='lat' dir='ltr'>XVallesetQ</span> <span class='ocrx_word' id='word_1_254' title='bbox 1251 2480 1533 2526; x_wconf 88' lang='lat' dir='ltr'>praesentant</span> <span class='ocrx_word' id='word_1_255' title='bbox 1562 2487 1694 2513; x_wconf 87' lang='lat' dir='ltr'>unam</span> <span class='ocrx_word' id='word_1_256' title='bbox 1730 2472 1926 2513; x_wconf 88' lang='lat' dir='ltr'>affraiam</span> <span class='ocrx_word' id='word_1_257' title='bbox 1959 2486 2058 2513; x_wconf 91' lang='lat' dir='ltr'>curn</span> 
     </span>
     <span class='ocr_line' id='line_1_29' title="bbox 335 2546 2058 2601; baseline -0.001 -13"><span class='ocrx_word' id='word_1_258' title='bbox 335 2549 547 2600; x_wconf 80' lang='lat' dir='ltr'>sanguine</span> <span class='ocrx_word' id='word_1_259' title='bbox 588 2562 716 2601; x_wconf 87' lang='lat' dir='ltr'>super</span> <span class='ocrx_word' id='word_1_260' title='bbox 762 2549 984 2601; x_wconf 80' lang='lat' dir='ltr'>Rogerum</span> <span class='ocrx_word' id='word_1_261' title='bbox 1028 2548 1177 2588; x_wconf 85' lang='lat' dir='ltr'>Doket</span> <span class='ocrx_word' id='word_1_262' title='bbox 1219 2561 1365 2587; x_wconf 78' lang='lat' dir='ltr'>versus</span> <span class='ocrx_word' id='word_1_263' title='bbox 1410 2547 1725 2600; x_wconf 89' lang='lat' dir='ltr'>Randulphum</span> <span class='ocrx_word' id='word_1_264' title='bbox 1773 2546 2058 2600; x_wconf 88' lang='lat' dir='ltr'>Redesmyth,</span> 
     </span>
     <span class='ocr_line' id='line_1_30' title="bbox 335 2620 2059 2674; baseline -0.001 -12"><span class='ocrx_word' id='word_1_265' title='bbox 335 2623 389 2662; x_wconf 88' lang='grc'>(16</span> <span class='ocrx_word' id='word_1_266' title='bbox 430 2623 648 2672; x_wconf 81' lang='lat' dir='ltr'>Estewait‚</span> <span class='ocrx_word' id='word_1_267' title='bbox 682 2622 842 2663; x_wconf 88' lang='lat' dir='ltr'>factam</span> <span class='ocrx_word' id='word_1_268' title='bbox 880 2623 949 2662; x_wconf 88' lang='lat' dir='ltr'>hic</span> <span class='ocrx_word' id='word_1_269' title='bbox 984 2622 1099 2674; x_wconf 87' lang='lat' dir='ltr'>apud</span> <span class='ocrx_word' id='word_1_270' title='bbox 1139 2621 1413 2674; x_wconf 77' lang='lat' dir='ltr'>Notingham</span> <span class='ocrx_word' id='word_1_271' title='bbox 1448 2621 1502 2660; x_wconf 89' lang='lat' dir='ltr'>ad</span> <span class='ocrx_word' id='word_1_272' title='bbox 1537 2620 1728 2661; x_wconf 88' lang='lat' dir='ltr'>hostium</span> <span class='ocrx_word' id='word_1_273' title='bbox 1768 2620 1970 2673; x_wconf 80' lang='lat' dir='ltr'>Hugonis</span> <span class='ocrx_word' id='word_1_274' title='bbox 2004 2620 2059 2660; x_wconf 93' lang='grc'>(16</span> 
     </span>
     <span class='ocr_line' id='line_1_31' title="bbox 338 2693 2058 2749; baseline -0.001 -14"><span class='ocrx_word' id='word_1_275' title='bbox 338 2696 566 2749; x_wconf 85' lang='lat' dir='ltr'>Lyndeby,</span> <span class='ocrx_word' id='word_1_276' title='bbox 596 2696 665 2736; x_wconf 90' lang='lat' dir='ltr'>die</span> <span class='ocrx_word' id='word_1_277' title='bbox 696 2696 878 2738; x_wconf 83' lang='lat' dir='ltr'>Sabbati</span> <span class='ocrx_word' id='word_1_278' title='bbox 909 2696 1114 2748; x_wconf 80' lang='lat' dir='ltr'>proximo</span> <span class='ocrx_word' id='word_1_279' title='bbox 1145 2701 1247 2735; x_wconf 90' lang='lat' dir='ltr'>ante</span> <span class='ocrx_word' id='word_1_280' title='bbox 1280 2694 1438 2735; x_wconf 87' lang='lat' dir='ltr'>festum</span> <span class='ocrx_word' id='word_1_281' title='bbox 1473 2694 1623 2736; x_wconf 83' lang='lat' dir='ltr'>Sancti</span> <span class='ocrx_word' id='word_1_282' title='bbox 1658 2694 1795 2734; x_wconf 90' lang='lat' dir='ltr'>Marci</span> <span class='ocrx_word' id='word_1_283' title='bbox 1830 2693 2058 2747; x_wconf 86' lang='lat' dir='ltr'>Ewangel-</span> 
     </span>
     <span class='ocr_line' id='line_1_32' title="bbox 335 2768 2057 2822; baseline 0.001 -14"><span class='ocrx_word' id='word_1_284' title='bbox 335 2769 443 2809; x_wconf 88' lang='lat' dir='ltr'>istae</span> <span class='ocrx_word' id='word_1_285' title='bbox 475 2783 590 2809; x_wconf 86' lang='lat' dir='ltr'>anno</span> <span class='ocrx_word' id='word_1_286' title='bbox 622 2769 904 2822; x_wconf 86' lang='lat' dir='ltr'>supradicto,2</span> <span class='ocrx_word' id='word_1_287' title='bbox 936 2783 1014 2822; x_wconf 90' lang='lat' dir='ltr'>pro</span> <span class='ocrx_word' id='word_1_288' title='bbox 1043 2782 1095 2809; x_wconf 89' lang='lat' dir='ltr'>eo</span> <span class='ocrx_word' id='word_1_289' title='bbox 1123 2769 1240 2821; x_wconf 87' lang='lat' dir='ltr'>quod</span> <span class='ocrx_word' id='word_1_290' title='bbox 1271 2768 1519 2821; x_wconf 88' lang='lat' dir='ltr'>praedictus</span> <span class='ocrx_word' id='word_1_291' title='bbox 1550 2769 1749 2821; x_wconf 79' lang='lat' dir='ltr'>Rogerus</span> <span class='ocrx_word' id='word_1_292' title='bbox 1778 2768 1971 2810; x_wconf 84' lang='lat' dir='ltr'>obviavit</span> <span class='ocrx_word' id='word_1_293' title='bbox 1999 2769 2057 2810; x_wconf 88' lang='lat' dir='ltr'>ibi</span> 
     </span>
     <span class='ocr_line' id='line_1_33' title="bbox 335 2842 2057 2896; baseline 0.001 -14"><span class='ocrx_word' id='word_1_294' title='bbox 335 2843 559 2895; x_wconf 87' lang='lat' dir='ltr'>praedicto</span> <span class='ocrx_word' id='word_1_295' title='bbox 582 2842 850 2895; x_wconf 89' lang='lat' dir='ltr'>Randulpho</span> <span class='ocrx_word' id='word_1_296' title='bbox 872 2849 915 2883; x_wconf 92' lang='grc'>6(</span> <span class='ocrx_word' id='word_1_297' title='bbox 938 2842 1154 2883; x_wconf 80' lang='lat' dir='ltr'>abstraxit</span> <span class='ocrx_word' id='word_1_298' title='bbox 1176 2855 1275 2882; x_wconf 90' lang='lat' dir='ltr'>eum</span> <span class='ocrx_word' id='word_1_299' title='bbox 1299 2842 1354 2882; x_wconf 90' lang='lat' dir='ltr'>ab</span> <span class='ocrx_word' id='word_1_300' title='bbox 1377 2856 1490 2894; x_wconf 89' lang='lat' dir='ltr'>equo</span> <span class='ocrx_word' id='word_1_301' title='bbox 1512 2856 1590 2882; x_wconf 91' lang='lat' dir='ltr'>suo</span> <span class='ocrx_word' id='word_1_302' title='bbox 1613 2856 1700 2895; x_wconf 88' lang='lat' dir='ltr'>quo</span> <span class='ocrx_word' id='word_1_303' title='bbox 1723 2849 1826 2882; x_wconf 89' lang='lat' dir='ltr'>tunc</span> <span class='ocrx_word' id='word_1_304' title='bbox 1848 2844 2057 2896; x_wconf 89' lang='lat' dir='ltr'>temporis</span> 
     </span>
     <span class='ocr_line' id='line_1_34' title="bbox 335 2915 2057 2967; baseline 0.001 -10"><span class='ocrx_word' id='word_1_305' title='bbox 335 2917 526 2966; x_wconf 78' lang='lat' dir='ltr'>sedebat,</span> <span class='ocrx_word' id='word_1_306' title='bbox 549 2923 592 2957; x_wconf 90' lang='lat' dir='ltr'>et</span> <span class='ocrx_word' id='word_1_307' title='bbox 614 2917 671 2957; x_wconf 91' lang='lat' dir='ltr'>ibi</span> <span class='ocrx_word' id='word_1_308' title='bbox 695 2930 793 2957; x_wconf 91' lang='lat' dir='ltr'>eum</span> <span class='ocrx_word' id='word_1_309' title='bbox 817 2916 1084 2966; x_wconf 83' lang='lat' dir='ltr'>attachiavit,</span> <span class='ocrx_word' id='word_1_310' title='bbox 1107 2916 1359 2965; x_wconf 80' lang='lat' dir='ltr'>verberavit,</span> <span class='ocrx_word' id='word_1_311' title='bbox 1383 2915 1635 2965; x_wconf 78' lang='lat' dir='ltr'>vulneravit,</span> <span class='ocrx_word' id='word_1_312' title='bbox 1658 2923 1701 2956; x_wconf 92' lang='lat' dir='ltr'>et</span> <span class='ocrx_word' id='word_1_313' title='bbox 1728 2917 2057 2967; x_wconf 85' lang='lat' dir='ltr'>maletractavit‚</span> 
     </span>
     <span class='ocr_line' id='line_1_35' title="bbox 336 2990 2058 3043; baseline 0.002 -14"><span class='ocrx_word' id='word_1_314' title='bbox 336 2996 487 3030; x_wconf 88' lang='lat' dir='ltr'>contra</span> <span class='ocrx_word' id='word_1_315' title='bbox 523 3004 675 3042; x_wconf 87' lang='lat' dir='ltr'>pacem</span> <span class='ocrx_word' id='word_1_316' title='bbox 715 2991 895 3030; x_wconf 90' lang='lat' dir='ltr'>Domini</span> <span class='ocrx_word' id='word_1_317' title='bbox 935 2990 1068 3043; x_wconf 83' lang='lat' dir='ltr'>Regis</span> <span class='ocrx_word' id='word_1_318' title='bbox 1111 2997 1153 3030; x_wconf 94' lang='lat' dir='ltr'>et</span> <span class='ocrx_word' id='word_1_319' title='bbox 1195 2990 1440 3030; x_wconf 89' lang='lat' dir='ltr'>libertatem</span> <span class='ocrx_word' id='word_1_320' title='bbox 1478 2990 1604 3030; x_wconf 80' lang='lat' dir='ltr'>villae</span> <span class='ocrx_word' id='word_1_321' title='bbox 1645 2990 1903 3043; x_wconf 86' lang='lat' dir='ltr'>praedictae,</span> <span class='ocrx_word' id='word_1_322' title='bbox 1941 2992 2058 3032; x_wconf 90' lang='lat' dir='ltr'>unde</span> 
     </span>
     <span class='ocr_line' id='line_1_36' title="bbox 336 3063 2055 3117; baseline 0.001 -14"><span class='ocrx_word' id='word_1_323' title='bbox 336 3063 599 3104; x_wconf 85' lang='lat' dir='ltr'>attachiatus</span> <span class='ocrx_word' id='word_1_324' title='bbox 636 3071 711 3113; x_wconf 87' lang='lat' dir='ltr'>est,</span> <span class='ocrx_word' id='word_1_325' title='bbox 749 3071 826 3105; x_wconf 92' lang='lat' dir='ltr'>etc.</span> <span class='ocrx_word' id='word_1_326' title='bbox 903 3065 961 3104; x_wconf 82' lang='lat' dir='ltr'>Et</span> <span class='ocrx_word' id='word_1_327' title='bbox 999 3064 1099 3104; x_wconf 91' lang='lat' dir='ltr'>inde</span> <span class='ocrx_word' id='word_1_328' title='bbox 1136 3064 1251 3104; x_wconf 91' lang='lat' dir='ltr'>idem</span> <span class='ocrx_word' id='word_1_329' title='bbox 1291 3064 1489 3116; x_wconf 82' lang='lat' dir='ltr'>Rogerus</span> <span class='ocrx_word' id='word_1_330' title='bbox 1523 3064 1652 3113; x_wconf 79' lang='lat' dir='ltr'>venit,</span> <span class='ocrx_word' id='word_1_331' title='bbox 1690 3070 1733 3104; x_wconf 93' lang='lat' dir='ltr'>et</span> <span class='ocrx_word' id='word_1_332' title='bbox 1769 3064 1894 3117; x_wconf 91' lang='lat' dir='ltr'>ponit</span> <span class='ocrx_word' id='word_1_333' title='bbox 1930 3078 1976 3104; x_wconf 90' lang='lat' dir='ltr'>se</span> <span class='ocrx_word' id='word_1_334' title='bbox 2013 3065 2055 3104; x_wconf 89' lang='lat' dir='ltr'>in</span> 
     </span>
     <span class='ocr_line' id='line_1_37' title="bbox 336 3137 1034 3190; baseline 0.001 -14"><span class='ocrx_word' id='word_1_335' title='bbox 336 3137 475 3189; x_wconf 83' lang='lat' dir='ltr'>gratia</span> <span class='ocrx_word' id='word_1_336' title='bbox 499 3137 690 3189; x_wconf 88' lang='lat' dir='ltr'>Majoris,</span> <span class='ocrx_word' id='word_1_337' title='bbox 714 3144 756 3178; x_wconf 93' lang='lat' dir='ltr'>et</span> <span class='ocrx_word' id='word_1_338' title='bbox 778 3137 906 3178; x_wconf 81' lang='lat' dir='ltr'>solvit</span> <span class='ocrx_word' id='word_1_339' title='bbox 929 3138 1034 3190; x_wconf 82' lang='lat' dir='ltr'>xijd.</span> 
     </span>
    </p>

    <p class='ocr_par' dir='ltr' id='par_1_7' title="bbox 421 3210 2055 3263">
     <span class='ocr_line' id='line_1_38' title="bbox 421 3210 2055 3263; baseline 0.002 -14"><span class='ocrx_word' id='word_1_340' title='bbox 421 3210 644 3263; x_wconf 86' lang='lat' dir='ltr'>Johannes</span> <span class='ocrx_word' id='word_1_341' title='bbox 667 3211 721 3250; x_wconf 91' lang='lat' dir='ltr'>de</span> <span class='ocrx_word' id='word_1_342' title='bbox 744 3211 978 3263; x_wconf 86' lang='lat' dir='ltr'>Mampton</span> <span class='ocrx_word' id='word_1_343' title='bbox 1002 3217 1044 3251; x_wconf 91' lang='lat' dir='ltr'>et</span> <span class='ocrx_word' id='word_1_344' title='bbox 1075 3210 1295 3252; x_wconf 88' lang='lat' dir='ltr'>Gilbertus</span> <span class='ocrx_word' id='word_1_345' title='bbox 1318 3210 1507 3259; x_wconf 75' lang='lat' dir='ltr'>W’alker,</span> <span class='ocrx_word' id='word_1_346' title='bbox 1534 3211 1763 3251; x_wconf 87' lang='lat' dir='ltr'>Decenarii</span> <span class='ocrx_word' id='word_1_347' title='bbox 1786 3212 1841 3251; x_wconf 89' lang='lat' dir='ltr'>de</span> <span class='ocrx_word' id='word_1_348' title='bbox 1872 3211 2055 3252; x_wconf 90' lang='lat' dir='ltr'>Hunde-</span> 
     </span>
    </p>
   </div>
   <div class='ocr_carea' id='block_1_3' title="bbox 561 3371 1824 3415">
    <p class='ocr_par' dir='ltr' id='par_1_8' title="bbox 561 3371 1824 3415">
     <span class='ocr_line' id='line_1_39' title="bbox 561 3371 1824 3415; baseline 0.002 -13"><span class='ocrx_word' id='word_1_349' title='bbox 561 3376 567 3389; x_wconf 85' lang='lat'>¹</span> <span class='ocrx_word' id='word_1_350' title='bbox 594 3373 757 3411; x_wconf 56' lang='lat' dir='ltr'>immam]</span> <span class='ocrx_word' id='word_1_351' title='bbox 776 3371 962 3411; x_wconf 73' lang='lat' dir='ltr'>&#39;inventus,&#39;</span> <span class='ocrx_word' id='word_1_352' title='bbox 981 3373 1053 3404; x_wconf 83' lang='lat' dir='ltr'>MS.</span> <span class='ocrx_word' id='word_1_353' title='bbox 1318 3376 1329 3389; x_wconf 77' lang='lat'><em>²</em></span> <span class='ocrx_word' id='word_1_354' title='bbox 1354 3373 1526 3415; x_wconf 81' lang='lat' dir='ltr'>Saturday‚</span> <span class='ocrx_word' id='word_1_355' title='bbox 1547 3373 1643 3415; x_wconf 78' lang='lat' dir='ltr'>April</span> <span class='ocrx_word' id='word_1_356' title='bbox 1660 3381 1711 3410; x_wconf 88' lang='lat'>22,</span> <span class='ocrx_word' id='word_1_357' title='bbox 1735 3373 1824 3415; x_wconf 86' lang='lat'>1396.</span> 
     </span>
    </p>
   </div>
  </div>
 </body>
</html>
