2198 3845
329 411 410 450 288
593 419 811 452 RECORDs
844 419 904 451 OF
937 419 1036 450 THE
1069 418 1305 450 BOROUGH
1339 417 1399 448 OF
1434 417 1781 450 NOTTffNGHArr
1918 408 2050 462 {fl396

331 541 560 594 Lyndeby,
593 542 647 582 de
683 541 983 594 Notyngham,
1017 540 1278 593 recognovit,
1311 553 1456 580 coram
1490 540 1693 593 Johanne
1726 541 1781 581 de
1817 540 2051 593 Plumptre,

329 621 433 656 tunc
463 615 633 668 Majore
664 615 959 668 Noffingham',
983 620 1025 655 et
1058 613 1255 654 XValtero
1284 613 1454 666 Askby,
1479 620 1582 654 tunc
1605 614 1660 654 de
1682 614 2052 667 recognitionibus

329 691 576 731 debitorum
614 690 793 731 Domini
830 689 963 742 Regis
997 688 1162 737 clerico,
1187 702 1232 728 se
1277 688 1436 728 debere
1474 689 1750 741 Margaretae
1786 689 1963 738 Samon,
1998 689 2053 729 de

332 764 632 817 Notyngham‚
684 764 907 817 quondam
960 762 1087 803 uxori
1145 762 1359 815 Johannis
1413 762 1591 811 Samon,
1643 763 1697 803 de
1750 762 2052 815 Notyngham‚

329 839 519 887 senioris,
563 839 603 877 in
647 838 845 878 ducentis
888 837 1005 877 libris
1048 835 1367 889 sterlingorum,
1410 835 1490 876 sibi
1533 836 1753 877 solvendis
1795 837 1849 877 ad
1893 836 2052 877 festum

333 913 524 952 Paschae
546 912 798 965 proximum
822 911 923 951 inde
945 923 1143 963 sequens,
1167 910 1283 963 apud
1309 910 1609 963 Notyngham.

416 986 684 1040 [Endorsed]
748 985 1085 1026 Memorandum
1105 985 1222 1037 quod
1248 984 1474 1025 Statutum
1499 984 1775 1036 Margaretae
1799 984 1976 1033 Samon,
2000 984 2055 1024 de

331 1060 631 1113 Notyngham,
678 1060 901 1113 quondam
955 1058 1105 1099 uxoris
1155 1057 1369 1111 Johannis
1424 1058 1601 1107 Samon,
1644 1058 1699 1098 (16
1751 1057 2054 1110 Notyngham,

329 1135 518 1184 senioris,
548 1133 832 1175 certificatum
868 1133 958 1182 fuit,
988 1133 1180 1173 secundo
1215 1132 1284 1172 die
1320 1131 1586 1181 Decembris,
1618 1145 1734 1172 anno
1768 1132 1888 1184 regni
1921 1132 2054 1184 Regis

332 1209 506 1249 Ricardi
539 1208 728 1250 Secundi
752 1207 867 1260 xij,
892 1221 1037 1247 versus
1071 1207 1310 1259 Hugonem
1334 1206 1388 1246 de
1420 1206 1649 1259 Lyndeby,
1672 1206 1726 1246 (16
1751 1206 2053 1259 Notyngham,

329 1283 383 1322 de
405 1296 461 1322 cc.
487 1283 536 1331 li„
560 1296 667 1335 quas
691 1282 938 1335 praedictus
964 1281 1100 1334 Hugo
1122 1280 1372 1333 praedictae
1395 1280 1672 1332 Margaretae
1702 1280 1881 1320 solvisse
1903 1280 2054 1321 debuit

330 1357 445 1410 apud
486 1356 773 1409 Notyngham
813 1356 866 1396 ad
905 1355 1063 1396 festum
1108 1354 1301 1395 Paschae
1339 1355 1592 1407 proximum
1636 1361 1736 1408 post
1773 1354 1899 1394 xxix.
1939 1355 2055 1395 diem

332 1432 614 1485 Septembris,
637 1445 752 1472 anno
786 1431 993 1484 praedicti
1030 1429 1163 1483 Regis
1197 1429 1414 1478 vicesimo,
1438 1429 1554 1469 unde
1587 1442 1732 1469 coram
1764 1428 1968 1481 Johanne
2000 1429 2055 1469 de

332 1505 565 1558 Plumptre,
603 1512 706 1546 tunc
751 1505 919 1558 Majore
961 1504 1087 1545 villae
1132 1503 1502 1556 Notynghamiae,
1540 1510 1582 1544 et
1619 1503 1816 1544 &Valtero
1858 1502 2055 1557 Askeby,

330 1587 433 1621 tunc
464 1581 643 1620 Domini
677 1580 810 1633 Regis
839 1579 1005 1628 clerico,
1029 1578 1283 1631 recognovit
1312 1591 1387 1631 per
1417 1577 1643 1619 Statutum
1676 1577 1987 1618 Mercatorium
2012 1578 2054 1617 in

329 1655 562 1708 praedietis
599 1668 655 1694 cc.
693 1654 729 1694 li.
769 1653 990 1707 praefatae
1030 1653 1307 1705 Margaretae
1343 1651 1572 1691 solvendis.
1637 1650 1936 1693 Certificatum
1974 1651 2056 1693 fuit

329 1743 404 1782 per
424 1729 673 1781 Johannem
697 1727 1007 1776 Croweshawe,
1033 1726 1247 1779 Majorem
1272 1725 1398 1766 villae
1423 1725 1720 1778 Notingham’,
1745 1732 1787 1767 et
1810 1726 2054 1768 &Valterum

332 1802 526 1855 Askeby,
550 1802 763 1842 clericum.

420 1876 879 1916 IL—Memorandum
922 1875 1038 1928 quod
1092 1874 1175 1927 viij.
1219 1874 1289 1914 die
1335 1874 1542 1927 Januarii,
1585 1888 1701 1915 anno
1750 1875 1870 1928 regni
1922 1874 2056 1928 Regis

333 1951 507 1991 Ricardi
533 1951 722 1992 Secundi
746 1950 917 1990 decimo
946 1962 1073 1997 nono,
1100 1949 1298 2001 Rogerus
1323 1948 1603 1988 Nettilworth
1627 1949 1880 2001 recognovit
1909 1962 2055 1989 coram

329 2025 531 2078 Johanne
560 2025 614 2065 de
649 2024 882 2077 Plumptre,
914 2029 1016 2063 tunc
1052 2022 1222 2075 Majore
1258 2022 1554 2075 Notingham’‚
1582 2029 1624 2063 et
1658 2023 1855 2063 XValtero
1884 2022 2056 2076 Askby,

330 2105 433 2139 tunc
466 2100 520 2139 de
555 2098 924 2151 recognitionibus
957 2097 1204 2137 debitorum
1240 2096 1419 2136 Domini
1455 2097 1588 2149 Regis
1621 2096 1786 2146 clerico,
1820 2111 1865 2137 se
1897 2097 2056 2138 debere

329 2172 520 2225 Johanni
563 2173 617 2213 de
664 2172 933 2225 Barleburgh
975 2172 1015 2211 in
1063 2170 1215 2223 viginti
1257 2177 1299 2211 et
1345 2184 1423 2210 sex
1470 2170 1587 2211 libris
1629 2178 1671 2212 et
1710 2172 1861 2212 decem
1907 2171 2056 2212 solidis

331 2247 650 2299 sterlingorum,
699 2246 778 2287 sibi
828 2246 1047 2286 solvendis
1097 2245 1150 2285 ad
1200 2244 1358 2285 festum
1411 2245 1603 2285 Paschae
1651 2245 1903 2299 proximum
1955 2245 2056 2285 inde

331 2335 527 2374 sequens.

418 2394 687 2448 [Elzdorsed]
752 2394 976 2436 Statutum
1013 2393 1227 2447 Johannis
1264 2394 1319 2433 de
1362 2393 1642 2447 Barleburgh,
1680 2393 1734 2434 de
1772 2392 2057 2443 Chestrefeld‚

331 2468 616 2509 certificatum
651 2468 731 2508 fuit
765 2481 910 2508 coram
948 2468 1142 2508 Domino
1179 2468 1300 2520 Rege
1334 2467 1375 2507 in
1413 2467 1670 2508 cancellaria
1704 2482 1790 2518 sua,
1829 2468 1950 2521 xxijo
1986 2468 2056 2508 die

334 2543 615 2596 Septembris,
658 2556 773 2582 anno
815 2543 934 2595 regni
986 2542 1119 2594 Regis
1164 2542 1338 2582 Ricardi
1381 2542 1597 2591 vicesimo,
1641 2555 1787 2582 versus
1832 2542 2054 2595 Rogerum

334 2616 625 2666 Nettilworth,
649 2617 703 2657 de
727 2615 1008 2658 Chestrefeld.
1736 2627 1855 2667 3942,
1880 2616 1924 2656 2'12
1945 2615 2054 2657 cedd.

539 2935 1070 2987 CLV—Extractsfi‘om
1093 2935 1160 2975 [lae
1181 2935 1286 2975 Roll
1301 2936 1356 2987 of
1368 2935 1434 2976 tlae
1455 2936 1608 2976 Assize
1629 2937 1684 2988 of
1693 2936 1847 2976 Bread.

1114 3026 1277 3076 1395-6.

419 3129 574 3170 Assisa
597 3130 725 3170 Panis
748 3136 878 3183 capta
906 3144 1051 3170 coram
1080 3130 1284 3183 Johanne
1316 3130 1550 3184 Plumptre,
1575 3132 1745 3185 Majore
1766 3132 1821 3172 de
1851 3132 2055 3185 Notyng-

333 3203 446 3252 ham,
469 3210 512 3244 et
532 3204 734 3256 Johanne
756 3205 811 3244 de
833 3204 1083 3257 Tannesley
1104 3211 1148 3244 et
1167 3204 1370 3257 Johanne
1394 3205 1638 3257 Byngham,
1659 3205 1835 3245 Ballivis
1858 3205 2054 3258 ejusdem

333 3277 469 3325 villae,
486 3276 689 3329 Johanne
714 3277 890 3323 Samon,
908 3278 1086 3326 seniore,
1108 3277 1302 3318 Roberto
1323 3278 1501 3330 Jerman
1525 3285 1567 3319 et
1585 3279 1808 3319 willelmo
1834 3280 2062 3332 Hunston,

334 3356 376 3390 et
410 3350 451 3389 in
486 3351 730 3404 praesentia
764 3350 945 3391 aliorum
981 3350 1311 3403 fidedignorum,
1346 3352 1416 3392 die
1451 3352 1684 3392 Dominica
1718 3353 1921 3407 proxima
1955 3359 2054 3408 post
