2198 3845
263 428 344 466 228
528 437 747 470 REcoRDs
780 438 840 470 OF
873 438 973 469 THE
1006 438 1242 469 BOROUGH
1276 438 1337 469 OF
1371 438 1717 469 NOTTINGHAM.
1855 425 1984 482 [1383

261 557 363 599 villa
384 559 438 599 de
463 559 657 612 Colvvyk,
680 573 792 612 quae
821 573 952 612 supra
981 559 1145 600 dictam
1177 560 1380 613 ripariam
1403 561 1458 600 de
1487 561 1624 600 Trent
1654 559 1766 600 inter
1794 565 1985 599 castrum

262 639 304 673 et
332 633 480 673 villam
511 634 565 674 de
596 633 885 686 Notyngham
920 634 1143 686 praedicta
1177 641 1219 675 et
1249 648 1368 674 mare
1401 635 1510 675 scita
1538 635 1698 683 existit,
1730 633 1856 674 fuerit
1886 639 1988 673 ante

261 707 368 747 haec
402 714 602 760 tempora
633 708 850 760 quaedam
886 707 1092 748 trenchea
1125 722 1201 760 per
1234 723 1366 762 quam
1402 709 1591 762 parcella
1623 709 1819 762 ejusdem
1851 722 1990 761 aquae

262 781 316 821 de
350 781 487 821 Trent
521 780 698 821 tenebat
732 794 905 820 cursum
940 795 1067 821 suum
1102 796 1239 835 usque
1274 783 1328 823 ad
1364 783 1676 832 molendinum,
1711 783 1916 836 gurgites
1946 789 1990 823 6(

262 861 418 907 stagna
457 855 630 894 Ricardi
669 854 810 903 Biron,
834 855 888 895 de
927 855 1120 909 Colwyk,
1151 857 1459 897 descendendo
1489 871 1564 910 per
1596 858 1749 898 eadem
1783 857 1988 910 gurgites,

264 929 574 977 molendinum,
618 935 660 969 et
709 935 866 981 stagna
914 930 1070 970 cecidit
1113 930 1153 969 in
1197 931 1361 971 dictam
1404 931 1608 984 ripariam
1651 932 1705 972 de
1755 932 1902 980 Trent‚
1948 938 1991 972 et

262 1017 338 1056 per
369 1004 581 1056 impetum
615 1002 811 1056 ejusdem
844 1017 984 1056 aquae
1013 1004 1068 1043 (16
1100 1004 1247 1053 Trent,
1273 1011 1346 1044 aut
1375 1005 1545 1045 diversa
1575 1018 1717 1058 opera,
1741 1005 1989 1053 artationeS,

263 1084 463 1131 rupturas
500 1091 574 1117 seu
610 1077 848 1117 levationes
884 1078 924 1117 in
960 1079 1114 1118 eadem
1150 1078 1355 1119 trenchea
1389 1086 1431 1120 et
1465 1079 1566 1120 alibi
1606 1080 1647 1119 in
1683 1080 1800 1120 dicta
1834 1079 1992 1132 riparia

264 1165 424 1205 magna
461 1152 515 1192 de
557 1152 720 1192 Trente
758 1151 882 1201 facta,
922 1158 1063 1192 rectus
1101 1166 1249 1192 cursus
1291 1153 1540 1206 praedictae
1583 1167 1722 1206 aquae
1758 1154 1813 1193 de
1854 1153 1991 1193 Trent

263 1227 489 1267 divertitur
523 1226 564 1265 in
601 1226 762 1266 dictam
800 1226 1050 1266 trencheam
1086 1227 1140 1267 ad
1176 1227 1400 1279 praedicta
1434 1228 1638 1280 gurgiteS,
1675 1226 1987 1276 molendinum,

264 1307 306 1341 et
340 1307 496 1353 stagna
530 1300 697 1352 integre
734 1300 1043 1350 concurrendO,
1080 1300 1284 1354 idemque
1320 1302 1533 1341 Ricardus
1568 1302 1685 1342 dicta
1719 1302 1912 1354 gurgites
1948 1309 1991 1342 et

264 1381 421 1428 stagna
449 1374 597 1414 clausa
625 1381 668 1414 et
698 1387 783 1413 non
809 1382 960 1427 aperta
989 1375 1139 1423 tenuit,
1163 1381 1206 1415 et
1235 1375 1276 1414 in
1308 1375 1524 1427 praesenti
1549 1382 1678 1424 tenet,
1704 1376 1846 1415 minus
1865 1375 1991 1428 juste,

264 1463 340 1502 per
371 1449 488 1502 quod
531 1448 783 1502 hujusmodi
828 1462 959 1488 naves
996 1455 1039 1489 et
1081 1448 1229 1489 batelli
1267 1449 1429 1489 ibidem
1473 1450 1527 1489 ad
1563 1449 1680 1489 dicta
1717 1456 1906 1489 castrum
1950 1456 1992 1490 6(

267 1523 411 1563 villam
455 1524 637 1563 transire
680 1529 754 1563 aut
796 1523 933 1562 redire
976 1530 1198 1575 nequeunt
1240 1524 1394 1576 quovis
1444 1523 1586 1571 modo,
1630 1524 1670 1562 in
1714 1523 1849 1563 nostri
1892 1536 1992 1563 con-

264 1604 482 1650 temptum
535 1597 757 1650 ipsiusque
808 1598 1021 1637 consortis
1073 1604 1248 1637 nostrae
1289 1598 1532 1650 dampnum
1582 1598 1899 1650 gravissimum,
1941 1611 1991 1637 36

265 1672 414 1725 populi
447 1672 656 1725 praedicti
681 1672 959 1724 dispendium
994 1685 1080 1711 non
1115 1672 1337 1712 modicum
1370 1678 1412 1712 et
1445 1685 1693 1724 gravamen,
1716 1672 1833 1711 unde
1865 1671 1991 1711 nobis

265 1746 564 1799 supplicarunt
594 1746 673 1786 sibi
698 1746 752 1785 (16
782 1746 974 1786 remedio
1002 1746 1042 1785 in
1070 1746 1151 1786 hac
1181 1753 1305 1799 parte
1328 1747 1574 1799 providere;
1608 1760 1697 1795 nos,
1719 1745 1916 1786 volentes
1949 1746 1989 1785 in

265 1821 346 1860 hac
380 1826 503 1872 parte
538 1819 626 1859 fieri
662 1819 779 1871 quod
814 1826 879 1859 est
910 1820 1088 1872 justum,
1119 1834 1167 1860 ac
1196 1821 1251 1860 (16
1282 1820 1491 1860 fidelitate
1524 1827 1567 1860 et
1601 1821 1992 1873 circumspectione

265 1895 416 1934 vestris
451 1893 620 1946 plenius
657 1893 938 1943 confidentes,
974 1895 1292 1947 assignavimus
1329 1908 1416 1941 vos,
1453 1901 1632 1947 septem,
1666 1909 1756 1943 sex,
1787 1896 1990 1947 quinque,

266 1975 462 2021 quatuor,
497 1975 594 2017 tres,
629 1975 671 2009 et
709 1969 818 2008 duos
860 1975 1063 2015 vestrum,
1103 1969 1157 2009 ad
1200 1969 1506 2021 inquirendum
1550 1983 1626 2022 per
1666 1976 1990 2009 sacramentum

266 2042 500 2095 proborum
524 2048 567 2082 et
590 2042 794 2095 legalium
825 2042 1053 2082 hominum
1078 2044 1132 2083 de
1163 2044 1387 2085 Comitatu
1421 2043 1733 2096 Notyngham',
1757 2051 1848 2084 tam
1881 2043 1992 2083 infra

267 2117 487 2157 libertates
510 2130 641 2169 quam
672 2123 808 2165 extra,
832 2131 908 2170 per
936 2130 1046 2170 quos
1076 2117 1133 2157 rei
1163 2117 1321 2157 veritas
1353 2118 1506 2157 melius
1536 2118 1631 2157 sciri
1662 2118 1832 2170 poterit,
1862 2131 1992 2171 super

266 2191 514 2244 praemissis
546 2191 749 2231 omnibus
782 2198 825 2231 et
857 2191 1038 2243 singulis
1071 2205 1119 2232 ac
1153 2191 1247 2232 aliis
1280 2191 1470 2232 articulis
1503 2198 1545 2232 et
1575 2192 1912 2232 circumstantiis
1942 2205 1993 2232 ea

267 2265 643 2319 qualitercumque
676 2266 958 2318 tangentibus
989 2265 1177 2319 [plenius
1209 2266 1435 2306 veritatem
1449 2265 1503 2318 1];
1533 2272 1576 2306 6(
1606 2266 1704 2306 1(160
1726 2266 1849 2306 vobis
1873 2279 1994 2306 man-

267 2340 423 2380 damus
446 2340 575 2392 quod,
599 2340 654 2380 ad
678 2341 817 2380 dictos
840 2341 956 2381 diem
986 2347 1029 2381 et
1057 2340 1200 2380 locum
1225 2354 1334 2393 quos
1363 2354 1451 2390 vos,
1474 2347 1653 2393 septem,
1677 2354 1767 2390 sex,
1791 2341 1994 2394 quinque,

267 2421 464 2468 quatuor,
489 2421 585 2463 treS,
608 2414 675 2454 vel
699 2415 786 2455 duo
808 2421 1011 2464 vestrum,
1031 2415 1085 2455 ad
1108 2414 1190 2455 hoc
1213 2414 1498 2468 provideritis,
1517 2414 1843 2467 inquisitionem
1867 2427 1995 2467 super

268 2489 515 2542 praemissis
539 2488 717 2537 faciatis,
741 2496 784 2529 et
811 2502 906 2529 eam
931 2489 1135 2529 distincte
1165 2496 1207 2529 et
1237 2495 1385 2542 aperte
1408 2488 1568 2529 factam
1599 2489 1724 2529 nobis
1754 2489 1796 2528 in
1828 2487 1994 2528 cancel-

270 2563 374 2602 laria
411 2569 568 2612 nostra,
606 2563 687 2603 sub
724 2563 874 2615 sigillis
907 2563 1070 2611 vestris,
1106 2570 1286 2616 septem,
1321 2577 1411 2612 sex,
1450 2564 1652 2616 quinque,
1690 2569 1888 2616 quatuor,
1925 2563 1993 2603 vel

269 2637 454 2677 duorum
478 2643 681 2686 vestrum,
705 2643 747 2677 et
776 2636 926 2689 sigillis
956 2650 1105 2677 eorum
1136 2651 1211 2690 per
1233 2651 1342 2690 quos
1365 2637 1480 2678 facta
1509 2637 1646 2686 fuerit,
1670 2638 1762 2677 sine
1783 2637 1994 2678 dilatione

270 2712 464 2760 mittatis,
494 2718 536 2752 et
568 2711 649 2751 hoc
687 2711 824 2751 breve.
890 2711 1200 2751 Mandavimus
1233 2712 1348 2751 enim
1378 2712 1638 2752 Vicecomiti
1668 2718 1817 2752 nostro
1848 2712 1993 2753 Comi-

269 2792 386 2826 tatus
416 2786 625 2838 praedicti
655 2786 783 2838 quod,
815 2786 869 2826 ad
893 2792 1032 2826 certos
1062 2786 1178 2825 diem
1201 2792 1244 2826 et
1274 2785 1416 2825 locum
1441 2799 1549 2838 quos
1578 2800 1666 2835 vos,
1696 2793 1876 2839 septem,
1899 2799 1990 2835 seX,

269 2861 471 2913 quinque,
495 2866 691 2912 quatuor,
716 2866 811 2908 tres,
834 2859 900 2899 vel
924 2860 1012 2899 duo
1044 2866 1247 2909 vestrum,
1271 2860 1308 2899 ei
1337 2860 1444 2899 scire
1467 2860 1643 2909 facietis,
1667 2860 1813 2900 venire
1835 2859 1994 2900 faceret

270 2948 416 2974 coram
468 2933 602 2983 vobis,
651 2940 831 2986 septem,
881 2947 971 2982 seX,
1013 2933 1217 2986 quinque,
1267 2940 1464 2986 quatuor,
1514 2934 1660 2983 tribus,
1710 2933 1778 2974 vel
1821 2933 1992 2974 duobus

270 3014 472 3057 vestrum,
503 3014 568 3048 tot
600 3014 643 3048 et
675 3007 783 3048 tales
816 3007 976 3060 probos
1005 3014 1048 3048 et
1077 3007 1238 3061 legales
1270 3007 1469 3048 homines
1503 3009 1558 3048 de
1593 3008 1752 3048 balliva
1785 3022 1872 3057 sua,
1902 3013 1993 3048 tam

270 3082 380 3122 infra
402 3082 622 3122 libertates
652 3095 784 3134 quam
815 3088 951 3131 extra,
975 3095 1051 3134 per
1073 3095 1182 3134 quos
1212 3081 1270 3121 rei
1300 3081 1458 3122 veritas
1488 3082 1530 3121 in
1560 3081 1808 3134 praemissis
1839 3081 1993 3121 melius

270 3156 367 3196 sciri
396 3156 556 3209 poterit
585 3162 627 3196 et
656 3155 823 3208 inquiri.
888 3156 939 3195 In
963 3155 1085 3208 cujus
1108 3155 1167 3195 rei
1190 3155 1490 3196 testimonium
1520 3155 1598 3196 has
1628 3156 1793 3196 litteras
1824 3161 1994 3196 nostras

271 3229 359 3270 fieri
389 3229 569 3269 fecimus
602 3235 811 3282 patentes.
875 3230 1008 3270 Teste
1042 3243 1112 3270 me
1145 3230 1240 3282 ipso
1274 3230 1390 3283 apud
1423 3230 1875 3279 &Vestmonasterium,
1905 3229 1992 3282 xvj.

272 3304 342 3345 die
365 3303 639 3354 Novembris,
663 3317 778 3344 anno
800 3304 921 3357 regni
944 3304 1079 3344 nostri
1103 3304 1300 3356 septimo.
1756 3303 1992 3344 Waltham.

1869 3388 1992 3427 4419.

275 3471 282 3484 ¹
309 3467 380 3498 The
396 3466 573 3499 bracketed
592 3467 698 3498 words
714 3477 768 3498 are
784 3466 866 3498 from
884 3466 939 3498 the
961 3467 1142 3498 enrohnent
1161 3477 1203 3498 on
1228 3468 1342 3498 Patent
1368 3467 1455 3505 Roll,
1477 3474 1492 3507 7
1513 3466 1582 3498 Rie.
1610 3467 1671 3503 IL,
1689 3477 1772 3509 pars.
1795 3467 1836 3505 1.,
1853 3477 1894 3497 m.
1920 3466 1990 3507 13d.
