2198 3845
288 416 367 445 212
550 415 769 447 RECORns
801 414 861 446 OF
893 413 993 444 THE
1025 411 1260 444 BOROUGH
1293 410 1353 442 or
1388 408 1734 441 NOTTINGHAM.
1870 397 2000 451 [1379

478 551 966 605 CXV—lmpmmding
982 551 1036 602 of
1051 549 1185 592 Catlle
1207 548 1256 600 by
1277 547 1344 588 tlte
1365 547 1528 600 Keeper
1545 547 1600 599 of
1611 546 1677 587 tlze
1697 546 1829 586 Fz'eld.

975 650 1081 690 1379
1104 639 1231 692 [May
1255 637 1335 690 25]-

376 758 600 811 Johannes
629 755 810 805 Alcoke,
840 768 1035 808 querens,
1065 752 1224 806 optulit
1253 766 1298 792 se
1326 765 1474 792 versus
1501 751 1748 804 Johannem
1784 748 2009 790 Netherde

293 834 348 873 de
379 832 540 885 placito
574 829 886 878 conventioniS,
915 829 970 869 de
1003 841 1055 868 eo
1088 827 1205 880 quod
1241 839 1338 866 cum
1374 839 1461 865 una
1493 838 1626 865 vacca
1658 823 1762 864 dicti
1795 822 2009 876 Johannis

293 905 438 946 Alcok
473 903 552 944 fuit
589 903 754 943 inclusa
794 902 863 942 hic
900 902 1016 955 apud
1056 900 1340 953 Notingham,
1373 899 1415 938 in
1450 897 1621 939 defectu
1659 898 1761 938 dicti
1797 896 2010 950 Johannis

296 979 503 1027 Netherd,
537 978 607 1018 die
642 978 794 1017 Lunae
828 977 870 1016 in
910 976 1168 1029 Septimana
1204 974 1395 1014 Paschae
1428 973 1582 1013 ultima
1614 971 1874 1025 p1·aeterita,1
1910 970 2012 1011 inde

297 1054 411 1093 idem
449 1051 672 1104 Johannes
710 1049 934 1091 Netherde
971 1048 1231 1102 supplicavit
1268 1048 1386 1088 dicto
1426 1046 1616 1100 Johanni
1654 1045 1798 1085 Alcok
1835 1057 1914 1097 pro
1949 1043 2012 1083 in-

296 1126 535 1168 clusatione
557 1125 699 1166 dictae
721 1138 879 1165 vaccae
901 1137 1062 1177 ponere
1084 1137 1162 1176 pro
1179 1136 1231 1163 eo
1247 1122 1424 1163 vadium
1445 1120 1636 1174 Johanni
1660 1119 1825 1172 Malyn,
1843 1117 2013 1159 custodi

296 1201 462 1253 campis
498 1199 625 1239 villae
660 1198 957 1251 Notingham’,
990 1203 1032 1237 et
1070 1196 1171 1237 inde
1207 1196 1298 1249 ipse
1333 1195 1557 1248 Johannes
1596 1193 1791 1235 Netherd
1828 1192 2015 1233 salvaret

298 1275 463 1316 dictum
512 1272 760 1326 Johannem
803 1271 949 1312 Alcok
990 1271 1273 1323 indempnem
1315 1269 1544 1310 occasione
1584 1266 1869 1320 depositionis
1910 1266 2015 1306 dicti

297 1349 423 1397 vadii,
461 1361 588 1400 super
629 1360 716 1400 quo
757 1346 898 1386 dictus
939 1345 1163 1398 Johannes
1205 1343 1351 1384 Alcok
1393 1342 1589 1396 praefato
1628 1340 1818 1395 Johanni
1860 1339 2014 1392 Malyn

299 1435 421 1462 suam
445 1421 647 1474 deposuit
670 1420 975 1473 armylausam,
995 1419 1036 1459 in
1056 1419 1184 1459 vadio
1206 1432 1285 1472 pro
1307 1417 1562 1458 liberatione
1584 1415 1830 1469 praedictae
1848 1427 2016 1463 vaccae,

300 1503 342 1536 et
365 1496 465 1536 inde
487 1495 658 1548 saepius
681 1495 796 1535 idem
823 1494 1046 1547 Johannes
1069 1492 1215 1532 Alcok
1238 1506 1262 1532 a
1284 1492 1402 1532 dicto
1423 1491 1625 1544 Johanne
1648 1488 1871 1529 Netherde
1892 1487 2018 1540 petiit

300 1569 657 1610 deliberationem
681 1581 784 1608 suae
806 1567 1073 1615 armilausae‚
1091 1573 1139 1607 ut
1161 1566 1393 1606 conventio
1411 1565 1522 1605 inter
1542 1578 1615 1604 eos
1633 1562 1853 1616 praefacta
1869 1561 2018 1610 fuerat,

301 1651 345 1685 et
379 1644 479 1684 inde
511 1644 652 1684 dictus
685 1642 909 1696 Johannes
945 1641 1142 1681 Netherd
1178 1640 1478 1681 liberationem
1514 1639 1631 1679 illam
1667 1644 1809 1690 negat,
1841 1643 1884 1677 et
1917 1649 2018 1676 con-

302 1718 551 1758 ventionem
594 1717 862 1770 praedictam
912 1715 1181 1763 contradicit,
1225 1715 1278 1755 ad
1321 1714 1516 1767 dampna
1556 1711 1765 1766 praedicti
1805 1709 2020 1763 Johannis

305 1791 449 1832 Alcok
490 1792 642 1832 decem
685 1790 933 1831 solidorum.
1018 1789 1075 1829 Et
1116 1788 1234 1829 venit
1276 1788 1417 1828 dictus
1461 1786 1685 1840 johannes
1728 1784 1936 1833 Netherd,
1978 1790 2020 1823 et

305 1866 502 1907 defendit
524 1866 622 1914 vim,
645 1871 736 1914 etc.,
759 1871 801 1905 et
823 1864 927 1905 dicit
949 1864 1066 1917 quod
1097 1862 1260 1903 nullam
1291 1860 1626 1901 conventionem
1655 1859 1692 1899 ei
1715 1858 1852 1911 fregit,
1874 1864 1918 1897 et
1938 1856 2021 1897 hoc

305 1941 415 1993 petit
451 1940 567 1993 quod
610 1938 859 1992 inquiratur.
924 1938 1031 1978 Ideo
1072 1942 1352 1989 praeceptum
1395 1941 1460 1975 est
1503 1933 1678 1973 Ballivis
1718 1932 1835 1985 quod
1878 1930 2023 1971 venire

307 2013 467 2054 faciant
490 2013 563 2066 xij.
591 2013 804 2066 juratores
835 2012 945 2052 inter
973 2024 1046 2051 eos
1076 2017 1227 2050 contra
1256 2009 1504 2062 proximam
1537 2007 1722 2049 Curiam.

1737 2081 1851 2127 1280,
1875 2093 1929 2119 ro.
1963 2088 2020 2129 17.

630 2329 1150 2373 CXV1.—Contribnti0n
1174 2335 1212 2368 2⁴0
1233 2342 1259 2368 a
1282 2328 1401 2368 Lean
1425 2334 1463 2367 to
1485 2327 1552 2367 llce
1573 2326 1622 2366 l<
1623 2326 1704 2379 ing.

1001 2430 1116 2470 1379,
1138 2419 1251 2472 June
1276 2429 1337 2458 22.

396 2529 642 2571 W’illelrnus
674 2527 793 2567 Prior
814 2526 1007 2579 queritur
1029 2525 1082 2565 de
1115 2525 1307 2577 Hugone
1338 2524 1512 2576 Drapur
1533 2524 1588 2564 de
1615 2523 1776 2576 placito
1797 2523 1953 2573 debiti;
1985 2528 2028 2563 et

311 2604 503 2658 queritur
534 2603 588 2643 de
617 2615 669 2642 eo
697 2600 814 2654 quod
849 2600 965 2640 idem
1003 2599 1138 2652 Hugo
1172 2599 1209 2639 ei
1239 2598 1369 2639 debet
1399 2597 1551 2650 viginti
1580 2597 1751 2646 solidos,
1775 2610 1883 2649 quos
1912 2596 2027 2636 idern

316 2679 450 2731 Hugo
490 2677 527 2717 ei
569 2675 829 2728 supplicavit
879 2686 958 2726 pro
1009 2686 1060 2713 eo
1111 2672 1276 2712 solvere
1318 2670 1561 2712 collectioni
1603 2670 1877 2710 denariorum
1920 2683 2029 2722 quos

312 2752 534 2804 Johannes
578 2750 755 2797 Samon,
798 2747 942 2800 Major
984 2745 1343 2799 Notynghamiae
1384 2745 1517 2785 modo
1558 2745 1599 2783 in
1642 2743 1785 2784 officio
1825 2744 2030 2792 existens,

313 2834 356 2866 et
398 2826 468 2866 alii
509 2825 746 2877 burgenses
783 2821 979 2875 ejusdem
1021 2820 1159 2869 villae,
1192 2834 1308 2860 anno
1344 2833 1459 2859 nunc
1495 2819 1690 2867 durante,
1723 2817 2031 2870 praestiterunt

316 2899 510 2939 Domino
558 2897 700 2950 Regi,2
741 2895 981 2936 secundum
1023 2894 1111 2934 vim
1153 2900 1196 2934 et
1244 2892 1448 2934 effectum
1490 2891 1717 2945 cujusdam
1764 2891 1933 2932 litterae
1976 2891 2031 2931 de

314 2979 493 3026 patente
525 2971 720 3024 ejusdem
771 2969 903 3021 Regis
944 2967 1177 3021 praedictis
1219 2966 1377 3020 Majori
1419 2973 1462 3007 et
1503 2965 1789 3018 burgensibus
1831 2964 2031 3013 directae,

316 3059 425 3098 quos
448 3045 624 3097 quidem
647 3043 801 3096 viginti
824 3042 985 3082 solidos
1009 3041 1256 3094 praedictus
1288 3041 1423 3093 Hugo
1445 3039 1586 3080 eidem
1610 3039 1832 3080 &Villelmo
1854 3038 2032 3086 detinet,

318 3120 372 3159 ad
407 3120 600 3170 dampna
633 3117 766 3170 ipsius
799 3117 950 3157 decem
984 3115 1232 3155 solidorum.
1296 3114 1355 3154 Et
1388 3113 1506 3154 venit
1539 3113 1680 3154 dictus
1717 3112 1862 3165 Hugo,
1885 3118 1928 3152 et
1961 3112 2034 3152 de-

384 3253 392 3266 ¹
418 3248 575 3288 Monday,
595 3246 690 3288 April
711 3255 758 3284 11,
782 3253 872 3285 1379.
1245 3245 1424 3286 Plumptre‚
1440 3255 1483 3276 on
1500 3244 1615 3275 March
1628 3243 1658 3281 6,
1676 3250 1767 3283 1379,
1782 3242 1832 3274 sor
1852 3250 1912 3273 100
1926 3242 2036 3273 marks

381 3306 394 3320 ²
419 3302 566 3342 Security
583 3312 648 3332 was
674 3301 811 3331 ordered
837 3306 870 3331 to
895 3300 936 3331 be
958 3298 1055 3340 given
1080 3305 1113 3330 lo
1244 3299 1311 3330 lent
1335 3304 1369 3330 to
1396 3298 1452 3330 the
1480 3295 1778 3339 King.—-Rymer’s
1801 3295 1949 3333 Foedera,
1980 3294 2033 3326 vii.

319 3358 406 3400 John
433 3358 566 3394 Samon,
593 3355 680 3402 John
709 3354 908 3393 Crowshaw,
937 3355 1001 3385 and
1025 3353 1113 3399 John
1245 3361 1317 3386 212.
