2198 3845
317 421 398 461 322
581 419 800 452 RECORDS
833 420 894 452 OF
926 420 1026 451 THE
1059 418 1295 450 BOROUGH
1329 418 1389 450 or
1424 418 1770 451 NOTTINGHAM.
1907 411 2038 464 [1396

314 540 522 581 obturant
559 539 690 581 finem
727 542 782 581 de
826 541 1096 593 Hundegate
1138 545 1181 580 et
1218 538 1349 579 finem
1392 539 1447 579 de
1484 539 1897 593 Qwelewrigthgate
1938 554 2037 581 cum

315 613 418 654 fimo
460 620 503 655 et
544 614 682 668 lignis,
725 615 780 655 ad
822 628 954 667 grave
997 614 1240 666 dampnum
1282 619 1326 654 et
1366 619 1681 654 nocumentum
1723 614 1857 655 totius
1898 614 2037 664 villae,

315 695 394 729 etc.

403 762 527 810 Item,
551 760 702 801 dicunt
736 761 853 814 quod
888 773 1041 801 omnes
1075 759 1148 813 qui
1183 759 1548 812 commorant[ur]
1583 759 1625 799 in
1660 759 1756 800 vico
1784 774 1809 800 a
1839 759 2042 813 Johanne

315 834 661 888 Wappelington
684 847 821 887 usque
844 834 882 874 le
905 833 1231 886 Chappelbarre
1253 846 1310 873 ex
1328 839 1512 885 utraque
1534 832 1694 885 [parte]
1717 833 1813 873 viae
1834 833 2042 874 obturant

316 922 414 948 cum
439 907 542 947 fimo
564 914 606 948 et
629 908 843 948 cineribus
873 920 1153 948 communem
1175 906 1303 955 viam,
1327 906 1382 946 ad
1411 919 1542 958 grave
1571 912 1884 947 nocumentum
1908 907 2041 947 totius

315 981 465 1034 populi
488 981 649 1021 ibidem
673 981 947 1031 transeuntis,
971 987 1013 1022 et
1031 980 1158 1021 villae
1180 979 1440 1033 praedictae,
1459 980 1919 1022 etc.—Condonantur
1940 980 2043 1034 quia

320 1067 543 1107 pauperes.

405 1129 530 1177 Item,
565 1128 717 1168 dicunt
753 1128 870 1180 quod
909 1127 1156 1168 VVillelmus
1196 1126 1357 1180 Spicer,
1395 1125 1507 1166 filius
1547 1126 1751 1179 Hugonis
1789 1127 1951 1180 Spicer,
1989 1126 2044 1167 de

319 1202 604 1255 Notingham,
645 1202 864 1243 Robertus
910 1202 1212 1255 Haythernne‚
1252 1201 1471 1241 Robertus
1514 1200 1785 1251 Casterffeld,
1819 1201 2044 1254 Johannes

320 1276 536 1325 Ettewell,
573 1282 616 1316 et
656 1276 869 1316 Ricardus
908 1275 1120 1324 Ettewell,
1159 1274 1290 1315 frater
1326 1274 1428 1326 ejus,
1470 1273 1687 1314 Henricus
1728 1275 2044 1327 anemanger,

319 1349 527 1389 obturant
556 1362 655 1389 cum
680 1348 783 1389 fimo
811 1355 854 1389 et
884 1349 1098 1389 cineribus
1131 1355 1174 1389 et
1206 1361 1304 1388 cum
1334 1347 1395 1387 les
1424 1347 1558 1387 wedes
1586 1348 1855 1400 praedictam
1882 1347 2044 1388 fossam

320 1437 377 1463 ex
419 1429 543 1475 parte
575 1422 727 1463 boriali
761 1422 889 1463 villae
921 1423 1180 1475 praedictae,
1218 1422 1273 1462 ad
1306 1435 1437 1474 grave
1473 1421 1717 1474 dampnum
1759 1421 1887 1462 villae
1923 1436 2045 1476 prae-

320 1497 474 1545 dictae,
497 1503 575 1536 etc.

410 1570 534 1619 Item,
564 1570 715 1610 dicunt
744 1570 862 1622 quod
892 1569 1138 1610 XVillelmus
1169 1568 1352 1618 Boteler,
1382 1567 1574 1618 butcher,
1603 1568 1780 1610 obturat
1811 1582 1909 1609 cum
1943 1568 2048 1610 fimo

323 1643 718 1696 williamdeylane‚
753 1644 808 1684 ad
843 1656 974 1696 grave
1010 1649 1323 1683 nocumentum
1362 1642 1489 1682 villae
1526 1642 1786 1695 praedictae,
1819 1650 1862 1684 et
1895 1649 2048 1684 contra

323 1716 714 1769 proclamationem
739 1716 932 1770 MajoriS‚
956 1723 1033 1757 etc.

411 1790 536 1838 Item,
573 1790 724 1831 dicunt
758 1791 875 1843 quod
918 1790 1164 1830 willelmus
1207 1789 1387 1830 Tailour
1423 1790 1478 1830 ad
1516 1788 1645 1830 finem
1686 1790 1836 1831 Pontis
1872 1790 2048 1831 obturat

324 1863 486 1904 ibidem
521 1863 636 1903 viam
674 1863 837 1916 regiam
872 1876 971 1903 cum
1007 1862 1110 1903 fimo
1143 1869 1186 1903 et
1220 1863 1445 1912 cineribuS,
1480 1864 1534 1903 ad
1568 1877 1700 1916 grave
1733 1870 2047 1905 nocumentum

324 1937 458 1978 totius
481 1937 647 1990 patriae
669 1937 831 1977 ibidem
854 1937 1119 1977 transeuntis
1142 1943 1185 1977 et
1207 1937 1334 1977 villae
1356 1937 1615 1990 praedictae,
1638 1943 1716 1977 ete.

415 2012 538 2059 Item,
576 2011 727 2051 dicunt
764 2010 881 2063 quod
922 2010 1127 2063 Johanna
1164 2011 1395 2059 Taverner,
1434 2023 1546 2050 uxor
1581 2010 1795 2063 Johannis
1837 2010 2048 2064 Wyrhass,

326 2085 529 2138 Johanna
564 2085 696 2136 Payn,
728 2084 941 2124 Katerina
975 2083 1125 2132 Fisch',
1155 2097 1268 2123 uxor
1302 2083 1482 2124 Roberti
1518 2084 1753 2136 Hayward,
1783 2084 1968 2136 Magota
1996 2084 2050 2124 de

327 2157 667 2206 Tommeworth,
711 2158 895 2209 Magota
944 2157 1147 2206 Berbour‚
1192 2157 1441 2198 Christiana
1489 2157 1599 2210 Dey,
1642 2164 1685 2197 et
1727 2157 1948 2199 Gilbertus
1996 2158 2051 2198 de

330 2230 600 2284 Lammeley,
637 2231 928 2271 vendiderunt
964 2231 1006 2270 in
1047 2231 1160 2270 Foro
1198 2230 1382 2273 Sabbati
1424 2237 1467 2271 et
1504 2231 1546 2270 in
1586 2232 1700 2271 Foro
1742 2231 1978 2273 Cotidiano
2013 2246 2049 2272 v.

330 2305 485 2345 alleces
514 2304 635 2345 albas
664 2318 742 2357 pro
771 2304 960 2354 denario,
990 2304 1060 2344 ubi
1083 2304 1292 2345 deberent
1319 2304 1516 2354 vendere,
1540 2305 1780 2345 secundum
1809 2305 2051 2358 proclama-

331 2379 495 2418 tionem
537 2378 717 2417 Domini
753 2378 935 2419 XValteri
970 2379 1025 2418 dc
1063 2378 1296 2431 Cloppton,
1327 2378 1556 2430 Justitiarii
1593 2378 1648 2418 de
1685 2378 1833 2418 Banco
1871 2378 2051 2419 Domini

332 2452 476 2504 Regis,
499 2457 542 2491 et
575 2451 728 2493 Clerici
762 2452 945 2492 Mercati
981 2452 1161 2492 Domini
1194 2452 1338 2504 Regis,
1361 2458 1404 2492 et
1433 2452 1614 2504 Majoris
1643 2452 1771 2492 villae
1792 2453 2051 2505 praedictae,

329 2524 382 2577 vj.
406 2524 561 2565 alleces
590 2524 711 2565 albas
740 2539 819 2579 pro
847 2525 1036 2574 denario,
1060 2525 1102 2565 in
1134 2538 1342 2578 magnum
1373 2525 1688 2578 praejudicium
1721 2526 1854 2566 totius
1886 2526 2053 2578 patriae

329 2603 372 2638 et
395 2597 521 2638 villae
542 2598 801 2651 praedictae,
825 2604 916 2647 etc.,
940 2598 1102 2639 ibidem
1126 2599 1404 2647 venientium,
1428 2605 1505 2639 etc.
1758 2609 1878 2650 3942,
1902 2612 1958 2639 ro.
1985 2598 2050 2649 3d.

553 2915 954 2957 CLXI—Seimm‘e
975 2916 1029 2967 of
1045 2915 1153 2957 Com
1177 2915 1313 2955 which
1334 2915 1426 2955 lead
1443 2915 1536 2955 been
1563 2915 1830 2955 Foreslalled.

985 3007 1101 3056 1396,
1125 3005 1251 3058 April
1277 3015 1414 3056 22-30.

417 3111 755 3151 Memorandum
779 3111 896 3164 quod
920 3111 1103 3164 contigit
1126 3112 1242 3164 apud
1267 3110 1553 3164 Noffingham,
1569 3111 1611 3151 in
1635 3124 1751 3151 anno
1773 3111 1893 3164 regni
1919 3111 2053 3164 Regis

333 3184 508 3224 Ricardi
534 3184 723 3226 Secundi
746 3185 819 3237 qui
840 3198 954 3224 nunc
972 3192 1037 3225 est
1054 3185 1226 3224 decimo
1243 3198 1370 3233 nono,
1389 3185 1506 3237 quod
1529 3198 1640 3224 unus
1665 3184 1879 3225 Radulfus
1896 3184 2053 3233 wilde,

331 3257 386 3297 de
427 3256 672 3309 Teytheby,
713 3257 848 3309 Hugo
884 3257 1103 3310 Attebrig'
1141 3263 1184 3297 et
1225 3257 1471 3297 WVillelmus
1514 3258 1674 3307 Gaunt,
1711 3258 1767 3298 de
1809 3257 2054 3310 Byngham,

332 3336 553 3378 venerunt,
577 3330 693 3382 apud
724 3330 1009 3383 Notingham,
1039 3330 1110 3370 die
1140 3330 1323 3372 Sabbati
1353 3330 1558 3384 proximo
1588 3337 1689 3372 ante
1715 3330 1873 3371 festum
1905 3331 2055 3374 Sancti
