2198 3845
323 417 404 457 190
585 416 805 450 REcoRDs
838 417 898 449 OF
931 418 1032 449 THE
1063 417 1301 450 BOROUGH
1334 417 1394 449 OF
1428 416 1778 449 NOTTINGHAM.
1913 406 2044 460 [1376

315 539 521 592 opposito
555 540 748 593 capellae
781 541 823 580 in
859 541 978 581 dicto
1017 541 1130 580 Foro
1164 539 1393 580 situataez1
1438 539 1688 580 habendam
1725 545 1768 580 et
1805 538 2042 580 tenendam

315 613 479 653 dictam
513 613 753 663 tabernam,
783 627 882 654 cum
912 614 1196 667 pertinentiis,
1225 613 1450 666 praedicto
1483 613 1685 654 Thomae
1718 613 1773 654 ad
1807 613 2043 653 terminum

316 687 468 727 decem
511 701 725 728 annorum
763 702 788 728 a
824 687 936 728 festo
974 688 1126 730 Sancti
1164 687 1393 728 Michaelis
1430 687 1699 741 Archangeli
1736 687 1942 740 proximo
1978 700 2043 727 se-

316 767 478 814 quente
514 762 664 802 datam
707 761 992 802 confectionis
1041 762 1358 815 praesentium:
1401 762 1627 801 reddendo
1668 761 1770 801 inde
1814 760 2043 801 annuatim

316 834 522 888 praefatis
559 835 740 888 Hugoni
771 842 813 875 et
844 835 1077 885 willelmo,
1100 835 1332 876 heredibus
1361 841 1405 876 et
1435 835 1667 888 assignatis
1690 835 1788 884 suis,
1811 835 2044 875 tresdecim

317 908 480 949 solidos
503 915 546 949 et
569 915 756 961 quatuor
778 910 979 949 denarios
1009 909 1316 962 sterlingorum
1347 910 1401 950 ad
1424 910 1535 950 duos
1558 910 1660 949 anni
1683 909 1904 958 terminos,
1926 909 2045 949 vide-

318 983 426 1032 licet,
450 996 530 1022 sex
553 982 716 1023 solidos
739 989 782 1023 et
804 990 905 1023 octo
927 984 1129 1023 denarios
1159 984 1213 1024 ad
1236 983 1395 1024 festum
1427 983 1579 1026 Sancti
1610 983 1790 1024 Martini
1814 984 1856 1023 in
1882 983 2045 1033 Iheme,

317 1063 359 1097 et
382 1070 461 1096 sex
484 1056 646 1097 solidos
669 1063 712 1097 et
734 1064 835 1097 octo
857 1058 1060 1098 denarios
1089 1058 1144 1098 ad
1168 1057 1327 1098 festum
1360 1058 1633 1098 Inventionis
1658 1058 1850 1099 Sanctae
1873 1058 2045 1108 Crucis;

317 1137 359 1171 et
382 1130 415 1170 si
439 1131 688 1184 praedictus
711 1131 906 1172 redditus
929 1132 1252 1184 praedictorum
1275 1132 1506 1173 tresdecim
1529 1132 1768 1172 solidorum
1792 1137 1835 1172 et
1858 1137 2047 1184 quatuor

316 1205 593 1245 denariorum
628 1211 770 1245 aretro
804 1206 1000 1246 extiterit
1032 1213 1132 1259 post
1165 1206 1355 1259 aliquem
1390 1206 1626 1247 terminum
1661 1206 2044 1259 praenominatum

317 1293 393 1332 per
420 1286 521 1320 octo
543 1280 635 1320 dies
665 1280 868 1333 proxime
900 1287 1143 1333 sequentes,
1167 1287 1271 1320 tunc
1300 1280 1411 1320 bene
1440 1280 1568 1320 liceat
1597 1280 1831 1332 praedictis
1863 1279 2045 1332 Hugoni

317 1360 360 1394 et
393 1353 628 1404 willelmo,
651 1354 884 1395 heredibus
918 1361 961 1395 et
995 1355 1227 1407 assignatis
1262 1354 1360 1404 suis,
1384 1354 1426 1394 in
1457 1354 1660 1395 omnibus
1696 1354 1819 1394 terris
1851 1359 1894 1394 et
1926 1359 2046 1394 tene-

318 1428 477 1469 mentis
511 1429 721 1482 praedicti
756 1428 956 1469 Thomae
990 1429 1032 1468 in
1068 1428 1359 1481 Notyngham
1389 1428 1658 1481 distringere,
1681 1434 1724 1468 et
1752 1427 2046 1468 districtiones

317 1504 360 1543 in
393 1503 557 1544 eisdem
590 1503 777 1544 inventis
810 1509 1044 1556 asportare,
1068 1509 1110 1544 et
1136 1516 1270 1556 penes
1299 1516 1345 1542 se
1374 1502 1559 1543 retinere
1581 1514 1810 1555 quousque
1839 1501 1894 1542 de
1923 1514 2045 1554 prae-

317 1577 435 1618 dicto
458 1577 641 1627 redditu,
664 1590 763 1617 cum
787 1577 1024 1630 arreragiis,
1047 1576 1240 1630 plenarie
1263 1575 1390 1617 fuerit
1412 1575 1696 1617 satisfactum.
1762 1576 1820 1617 Et
1842 1589 1922 1616 nos
1944 1589 2046 1616 vero

317 1651 528 1704 praedicti
569 1651 704 1704 Hugo
740 1658 783 1691 et
817 1650 1075 1701 XVillelmus,
1110 1657 1153 1691 et
1195 1650 1376 1691 heredes
1418 1651 1564 1700 nostri,
1599 1650 1763 1690 dictam
1805 1649 2047 1700 tabernam,

318 1738 417 1766 cum
455 1725 739 1778 pertinentiis,
777 1724 974 1777 praefato
1012 1724 1212 1765 Thomae
1248 1725 1434 1765 durante
1470 1724 1658 1765 termino
1695 1724 1930 1777 praedicto,
1968 1737 2047 1777 pro

318 1799 544 1852 praedicto
585 1799 768 1847 redditu,
810 1805 963 1838 contra
1004 1812 1157 1839 omnes
1198 1806 1352 1852 gentes
1392 1798 1784 1848 warantizabimus,
1827 1798 2047 1851 acquieta-

318 1873 472 1923 bimus,
507 1879 550 1913 et
583 1872 878 1913 defendemus.
944 1873 994 1912 In
1030 1872 1153 1926 cujus
1187 1873 1246 1913 rei
1281 1873 1582 1914 testimonium
1616 1878 1761 1925 partes
1795 1872 2048 1925 praedictae

319 1947 400 1987 hiis
437 1947 678 1988 indenturis
715 1946 858 1999 sigilla
898 1960 976 1987 sua
1018 1947 1266 1988 alternatim
1310 1953 1617 2000 apposuerunt.
1698 1946 1797 1986 Hiis
1843 1945 2048 1986 testibus:

322 2021 514 2062 Radulfo
551 2021 763 2069 Torkard,
802 2028 905 2061 tunc
944 2021 1114 2074 Majore
1150 2021 1277 2062 villae
1320 2021 1692 2074 Notynghamiae,
1730 2019 1956 2060 willelmo
1993 2020 2048 2060 de

322 2096 483 2137 Beston
507 2102 550 2136 et
575 2096 765 2136 Ricardo
787 2096 842 2136 de
866 2096 1112 2145 Brademer,
1135 2102 1239 2136 tunc
1264 2096 1440 2136 Ballivis
1463 2096 1659 2149 ejusdem
1683 2094 1821 2144 villae,
1843 2094 2048 2147 Johanne

322 2171 470 2211 Potter
503 2170 558 2210 de
591 2170 756 2219 eadem,
780 2170 929 2210 Adam
962 2170 1184 2222 Peyntour
1209 2171 1263 2210 de
1297 2170 1463 2219 eadem,
1486 2176 1529 2210 et
1561 2169 1665 2209 aliis,
1728 2168 1896 2208 Datum
1929 2168 2047 2220 apud

321 2243 624 2297 Notyngham,
653 2244 723 2284 die
754 2244 906 2284 Lunae
940 2244 1145 2296 proximo
1179 2250 1278 2297 post
1312 2243 1471 2284 festum
1508 2243 1659 2285 Sancti
1692 2242 1908 2296 Johannis
1945 2248 2048 2283 ante

322 2318 498 2359 Portam
524 2318 742 2366 Latinam,
766 2330 882 2358 anno
911 2318 1032 2370 regni
1058 2318 1192 2371 Regis
1223 2318 1428 2359 Edwardi
1452 2318 1588 2358 Tertii
1617 2323 1718 2371 post
1742 2317 2046 2370 Conquestum

320 2392 659 2445 quadragesimo
682 2405 809 2431 nono.
1922 2401 2046 2442 4412.

371 2565 807 2607 C111.—Sm¹rcmz⁷cr
826 2571 864 2604 fo
887 2565 953 2605 the
973 2564 1152 2618 Baz'lffs
1172 2565 1227 2616 of
1239 2565 1400 2605 Herses
1420 2565 1499 2616 left
1519 2564 1567 2616 by
1592 2564 1744 2605 Gezests
1764 2570 1812 2604 at
1830 2577 1886 2604 an
1909 2563 2006 2603 Ilm.

973 2655 1137 2706 1375-6,
1159 2656 1356 2708 January
1377 2666 1413 2705 9.

410 2761 748 2801 Memorandum
772 2760 890 2813 quod
920 2760 974 2800 ad
1004 2761 1132 2801 istam
1165 2761 1341 2802 Curiam
1368 2761 1486 2801 venit
1515 2760 1762 2801 WVillelmus
1785 2760 1839 2801 de
1863 2760 2048 2810 Sothull,

321 2836 376 2876 de
419 2834 721 2888 Notyngham,
763 2840 806 2874 et
847 2847 1017 2874 sursum
1060 2835 1259 2884 reddidit,
1297 2835 1366 2875 hic
1407 2835 1449 2874 in
1492 2834 1622 2888 plena
1665 2835 1805 2884 Curia,
1842 2834 2049 2888 praefatis

324 2909 519 2950 Roberto
542 2909 732 2950 Germen
762 2915 805 2949 et
834 2908 1058 2949 willelmo
1086 2908 1267 2958 Leeche,
1292 2909 1480 2958 Ballivis,
1503 2909 1613 2949 duos
1642 2923 1778 2962 equos
1800 2909 1873 2962 qui
1902 2909 2048 2962 hospi-

321 2983 530 3024 tabantur
571 2983 625 3022 ad
662 2995 788 3022 suum
825 2981 1065 3034 hospitium
1103 2996 1179 3035 per
1214 2983 1324 3023 duos
1361 2983 1475 3023 viros
1512 2990 1758 3032 extraneos
1795 2984 1850 3024 ad
1888 2983 2047 3024 festum

324 3057 475 3099 Sancti
517 3056 698 3097 Martini
739 3056 895 3096 ultimo
936 3057 1231 3109 praeteritum,
1269 3057 1342 3110 qui
1374 3057 1552 3110 quidem
1587 3057 1664 3097 viri
1707 3071 1794 3098 non
1835 3062 2048 3098 venerunt

323 3131 501 3171 eosdem
544 3143 680 3182 equos
722 3129 1134 3182 calumpniandum3
1181 3131 1290 3180 ideo,
1333 3131 1406 3171 illa
1439 3144 1581 3180 causa,
1618 3131 1760 3172 dictus
1801 3131 2048 3172 Willelmus

323 3205 501 3245 eosdem
533 3217 679 3256 equos,
702 3210 750 3243 ut
778 3202 847 3242 hic
876 3209 1009 3256 patet,
1032 3217 1202 3244 sursum
1235 3204 1501 3254 deliberavit,
1524 3210 1568 3244 et
1599 3205 1709 3257 petit
1740 3204 1809 3244 hic
1840 3205 1883 3244 in
1918 3204 2049 3246 Curia

323 3292 481 3319 novem
508 3277 709 3318 denarios
739 3291 817 3329 pro
847 3277 1052 3329 costagiis
1081 3284 1124 3318 et
1153 3278 1358 3330 expensis
1388 3278 1652 3318 eorumdem.
1718 3278 1859 3331 Super
1880 3277 2048 3331 quibus,

934 3369 942 3382 ¹
966 3366 1135 3408 situatae,]
1154 3369 1161 3382 ‘
1173 3366 1351 3406 situatam‚’
1368 3367 1442 3400 MS.
