2198 3845
331 412 388 452 44
599 411 819 445 RECORDS
852 413 913 445 OF
946 413 1047 444 THE
1079 413 1315 445 BOROUGH
1347 412 1408 444 OF
1442 412 1790 444 NOTTINGHAM.
1926 399 2054 455 [1255

335 545 414 584 pro
436 532 576 574 salute
598 533 771 574 animae
794 548 928 583 meae,
952 542 994 575 et
1021 534 1265 575 animarum
1294 541 1619 575 antecessorum
1647 547 1855 583 meorum,
1879 546 2057 573 assensu

332 612 375 645 et
408 619 622 646 consensu
657 607 867 648 heredum
905 621 1114 657 meorum,
1143 608 1326 657 dedisse,
1355 607 1631 657 concessisse,
1659 614 1702 648 et
1729 607 1810 648 hac
1839 608 2057 661 praesenti

330 678 481 719 charta
507 692 605 719 mea
631 679 923 729 confirmasse,
956 681 1052 721 Deo
1078 687 1121 722 et
1151 681 1374 734 Hospitali
1407 681 1557 723 Sancti
1591 681 1807 734 Johannis
1831 682 2059 734 Baptistae

330 752 386 792 de
416 752 722 805 Nottingham‚
753 760 795 794 et
827 754 1050 794 Fratribus
1081 755 1244 795 ibidem
1280 756 1376 796 Deo
1409 755 1706 804 servientibus,
1736 762 1822 796 tres
1855 755 2058 795 dimidias

332 840 453 868 acras
487 833 627 867 terrae
661 827 702 866 in
739 828 954 868 territorio
988 828 1043 868 de
1081 828 1387 881 Nottingham,
1421 828 1526 877 illas,
1561 828 1735 877 scilicet,
1765 842 1878 881 quae
1910 828 2059 881 jacent

331 901 442 941 inter
483 907 642 941 terram
688 902 838 943 Sancti
883 902 1102 943 Leonardi
1145 916 1202 943 ex
1253 916 1339 942 una
1385 909 1517 955 parte,
1561 909 1604 943 et
1645 908 1805 943 terram
1848 902 2056 942 ecclesiae

332 974 523 1016 Sanctae
558 974 726 1015 Mariae
760 989 817 1015 ex
850 975 987 1016 altera
1009 983 1143 1029 parte,
1174 982 1216 1016 et
1246 977 1450 1016 abuttant
1479 989 1609 1028 super
1637 976 1908 1029 chyminium
1939 976 2056 1029 quod

331 1061 376 1087 se
405 1047 547 1088 tendit
576 1061 724 1088 versus
757 1049 987 1102 Hwyston'
1019 1063 1075 1090 ex
1105 1057 1229 1103 parte
1261 1050 1423 1090 boreali
1454 1049 1592 1099 villae,
1616 1050 1657 1089 in
1686 1049 1879 1099 liberam,
1903 1062 2057 1103 puram

331 1128 373 1162 et
395 1127 653 1175 perpetuam
676 1122 961 1163 elemosinam
983 1139 989 1164 :
1022 1123 1248 1164 habendas
1272 1130 1315 1165 et
1337 1125 1563 1173 tenendas,
1585 1130 1652 1163 etc.

416 1196 467 1235 V.
504 1195 730 1237 Universis
775 1197 965 1239 Sanctae
1019 1198 1173 1238 Matris
1228 1198 1450 1238 Ecclesiae
1494 1198 1600 1247 filiis,
1642 1205 1722 1247 ela,
1767 1197 1964 1238 Thomas
2005 1197 2060 1237 de

331 1268 546 1309 Newarke
581 1276 623 1310 et
659 1271 910 1324 Margareta
943 1271 998 1311 de
1036 1272 1237 1312 Hodesat
1272 1285 1385 1312 uxor
1417 1273 1520 1325 ejus,
1554 1273 1739 1313 salutem
1776 1272 1816 1311 in
1854 1271 2058 1311 Domino.

331 1342 514 1383 Noverit
546 1342 804 1384 universitas
838 1350 982 1385 vestra
1017 1358 1106 1393 nos,
1142 1346 1363 1386 communi
1400 1360 1578 1387 assensu
1612 1353 1762 1386 nostro
1796 1352 1838 1386 et
1868 1345 2059 1393 consilio,

330 1416 502 1456 dedisse
525 1423 567 1457 et
591 1418 866 1467 concessisse,
891 1426 933 1459 et
955 1419 1036 1458 hac
1060 1420 1277 1472 praesenti
1302 1419 1452 1460 charta
1476 1427 1624 1461 nostra
1646 1419 1938 1468 confirmasse,
1963 1418 2061 1459 Deo

331 1497 375 1531 et
413 1490 576 1531 Domui
618 1491 840 1545 Hospitali
881 1493 1032 1534 Sancti
1069 1493 1284 1546 Johannis
1317 1495 1371 1534 de
1410 1495 1716 1548 Nottingham‚
1754 1500 1797 1535 et
1837 1493 2060 1534 Fratribus

331 1564 493 1604 ibidem
523 1565 620 1605 Deo
646 1566 945 1616 servientibus,
969 1579 1101 1607 unam
1131 1581 1276 1608 acram
1306 1575 1444 1609 terrae
1473 1569 1514 1609 in
1544 1568 1710 1622 campis
1740 1566 2059 1620 Nottingham',

331 1651 460 1690 super
496 1637 729 1692 Alduang,
764 1646 807 1680 et
849 1653 983 1680 unum
1028 1640 1258 1681 dimidium
1303 1656 1427 1682 acrae
1469 1657 1598 1696 super
1641 1641 1853 1695 Pesehyll‚
1888 1647 1931 1682 et
1973 1647 2060 1681 tres

330 1712 479 1752 buttas
511 1712 642 1765 juxta
673 1719 833 1753 terram
867 1727 979 1767 quae
1014 1713 1093 1755 fuit
1131 1715 1335 1768 Hugonis
1371 1715 1444 1755 filii
1482 1716 1577 1758 Sixi
1611 1716 1727 1769 apud
1760 1715 2060 1756 occidentem:

331 1787 571 1826 tenendum
595 1793 637 1827 et
660 1786 925 1836 habendum,
947 1794 1014 1828 esc.

417 1860 495 1900 VI.
531 1860 749 1902 Omnibus
789 1861 948 1903 Christi
988 1861 1187 1903 fidelibus
1229 1863 1284 1903 ad
1320 1877 1429 1916 quos
1472 1877 1676 1916 praesens
1714 1862 1923 1916 scriptum
1962 1876 2055 1915 per-

332 1934 506 1981 venerit,
531 1933 752 1975 Galfridus
786 1935 995 1976 Ganoth1
1025 1936 1211 1977 salutem
1244 1937 1285 1977 in
1319 1937 1514 1978 Domino
1543 1944 1776 1978 aeternam.
1841 1936 2061 1977 Noveritis

333 2020 412 2055 me,
451 2007 674 2048 charitatis
712 2008 882 2058 intuitu,
916 2023 994 2062 pro
1031 2009 1171 2051 salute
1215 2011 1387 2051 animae
1430 2025 1563 2061 meae,
1601 2018 1643 2052 et
1678 2010 1792 2064 [pro]
1831 2010 2061 2051 animabus

332 2078 700 2136 an[te]cessorum
755 2095 950 2122 meorum
1005 2090 1047 2123 et
1098 2097 1397 2125 successorum
1451 2099 1659 2135 meorum,
1702 2085 1967 2126 concessisse
2018 2091 2060 2125 et

331 2154 514 2203 dedisse,
553 2161 595 2195 et
637 2154 718 2195 hac
759 2157 977 2208 praesenti
1021 2156 1171 2198 charta
1214 2172 1312 2198 mea
1353 2158 1645 2208 confirmasse,
1686 2159 1783 2199 Deo
1820 2165 1863 2199 et
1896 2158 2059 2199 Domui

333 2229 484 2271 Sancti
517 2228 732 2281 Johannis
763 2230 989 2282 Baptistae
1019 2231 1073 2271 de
1109 2232 1415 2285 Nottingham,
1445 2239 1488 2273 et
1519 2232 1741 2273 Fratribus
1770 2233 1932 2272 ibidem
1964 2232 2061 2271 Deo

338 2302 637 2352 servientibus,
665 2309 708 2343 et
736 2317 885 2343 eorum
915 2305 1247 2354 successoribus,
1272 2306 1313 2345 in
1338 2320 1492 2359 puram
1516 2312 1559 2347 et
1581 2312 1839 2359 perpetuam
1863 2305 2060 2346 elemosi-

336 2390 449 2426 nam,
473 2376 700 2417 annuatim
731 2377 949 2418 redditum
981 2378 1064 2431 ijd„
1088 2378 1466 2432 percipiendorum
1489 2380 1544 2420 de
1576 2379 1771 2420 Roberto
1795 2379 1995 2429 Lambet,
2018 2385 2061 2420 et

331 2451 564 2492 heredibus
591 2450 689 2500 suis,
719 2451 774 2491 de
802 2464 890 2492 una
919 2465 1018 2492 acra
1044 2459 1183 2492 terrae
1209 2452 1250 2492 in
1285 2452 1323 2493 le
1354 2452 1633 2493 Beckkeheld
1664 2459 1815 2493 contra
1847 2452 2060 2493 Hordele-

332 2531 464 2578 putts,
507 2525 842 2578 imperpetuum,
885 2526 939 2566 ad
977 2526 1154 2576 Pascha,
1196 2533 1238 2567 et
1276 2527 1335 2580 jd.
1379 2527 1434 2567 de
1476 2526 1579 2567 Ada
1615 2527 1670 2567 de
1704 2526 1975 2579 XVarewyck,
2017 2532 2060 2566 et

332 2598 563 2639 heredibus
587 2598 684 2646 suis,
708 2612 786 2650 pro
809 2598 992 2639 dimidia
1014 2613 1114 2640 acra
1142 2606 1281 2641 terrae
1310 2614 1440 2654 super
1469 2600 1681 2654 Pesehyll‚
1711 2614 1843 2653 quam
1873 2600 1978 2641 emit
2006 2601 2061 2641 de

333 2672 508 2712 Amicia
538 2671 625 2712 filia
662 2672 842 2712 Roberti
871 2673 925 2712 de
955 2672 1185 2723 Colwicke,
1214 2675 1269 2715 ad
1298 2673 1457 2716 festum
1487 2674 1637 2716 Sancti
1668 2674 1896 2715 Michaelis
1924 2687 2059 2715 unum

332 2745 558 2786 denarium
579 2760 586 2785 :
618 2746 858 2785 tenendum
882 2752 924 2786 et
947 2746 1211 2797 habendum,
1229 2754 1295 2788 etc.

420 2820 523 2860 VII.
560 2819 712 2861 Sciant
746 2826 997 2872 praesentes
1032 2827 1074 2861 et
1104 2820 1235 2862 futuri
1265 2822 1383 2875 quod
1418 2835 1500 2875 ego
1531 2821 1752 2863 Galfridus
1787 2821 1973 2862 Luttrell
2005 2822 2060 2862 de

335 2892 641 2946 Nottingham,
677 2893 851 2933 divinae
885 2894 1109 2935 charitatis
1145 2895 1315 2946 intuitu,
1351 2910 1429 2950 pro
1463 2896 1603 2937 salute
1641 2895 1814 2936 animae
1849 2909 1982 2944 meae,
2017 2902 2060 2936 et

332 2980 411 3019 pro
440 2966 587 3006 anima
618 2966 753 3019 patris
786 2966 882 3016 mei,
911 2973 954 3008 et
983 2981 1062 3020 pro
1096 2969 1243 3010 anima
1280 2970 1430 3011 matris
1463 2983 1596 3019 meae,
1634 2976 1677 3010 et
1713 2983 1792 3022 pro
1828 2969 2058 3010 animabus

333 3045 657 3080 antecessorum
682 3053 878 3081 meorum
909 3047 951 3082 et
981 3055 1279 3084 successorum
1311 3057 1519 3093 meorum,
1543 3043 1747 3093 concessi,
1770 3043 1882 3092 dedi,
1905 3049 1948 3084 et
1976 3043 2058 3084 hac

333 3113 550 3166 praesenti
597 3112 747 3153 charta
794 3127 892 3154 mea
937 3114 1201 3166 confirmavi,
1245 3117 1342 3158 Deo
1382 3124 1425 3159 et
1464 3117 1628 3158 Domui
1676 3117 1799 3158 Beati
1843 3115 2057 3170 Johannis

398 3239 408 3253 ¹
433 3236 577 3267 Greaves
593 3235 651 3267 has
671 3235 799 3268 written
821 3237 926 3268 above
946 3237 1011 3269 this
1030 3248 1126 3270 name
1261 3251 1296 3272 as
1312 3251 1449 3282 appears
1461 3240 1544 3272 from
1561 3240 1617 3272 the
1635 3239 1785 3281 Register
1801 3239 1837 3271 of
1850 3239 2057 3281 Thurgarton

337 3292 346 3306 ‘
359 3290 526 3330 Danoch,’
557 3302 591 3323 as
630 3291 754 3334 though
793 3292 961 3324 uncertain
999 3292 1036 3324 of
1070 3293 1125 3324 the
1263 3293 1386 3334 Priory,
1406 3293 1447 3325 fo.
1469 3293 1520 3334 65.

334 3345 477 3386 reading.
527 3345 598 3377 The
626 3356 721 3376 name
748 3345 865 3377 should
893 3347 934 3378 be
964 3345 1125 3383 ‘Danot,'
