2198 3845
337 416 418 466 306
600 423 820 455 RECORDs
851 424 911 455 OF
944 424 1043 454 THE
1077 423 1311 455 BOROUGH
1344 423 1404 454 OF
1439 422 1787 454 NOTTINGHAM.
1922 413 2053 466 [1396

331 552 444 600 gate,
462 552 744 599 praesentant
766 559 897 586 unam
922 544 1117 585 affraiam
1140 544 1300 585 factam
1324 544 1416 584 sine
1438 544 1650 597 sanguine
1667 558 1795 598 super
1817 544 2051 585 Matildam

334 619 569 672 Laythum,
615 633 783 660 servam
834 619 1064 672 Johannae
1116 619 1274 667 Potte1·,
1319 632 1467 658 versus
1518 619 1740 671 quandam
1792 619 2052 659 servientem

334 693 535 735 Nicholai
562 693 828 745 Lammeley,
853 706 930 745 pro
953 706 1004 732 eo
1026 692 1142 744 quod
1166 692 1389 744 praedicta
1412 691 1600 731 Matilda
1622 705 1678 731 ex
1701 691 1875 744 propria
1898 691 2054 744 injuria

332 782 410 809 sua
430 767 672 808 verberavit
701 773 744 806 et
774 765 1092 806 maletractavit
1121 764 1390 817 praedictam
1420 765 1680 805 servientem
1711 778 1809 804 cum
1839 778 1927 804 uno
1946 765 2052 818 fire-

332 841 472 891 brond,
496 846 647 880 contra
675 852 828 892 pacem
860 839 1039 879 Domini
1071 839 1215 891 Regis,
1238 845 1328 887 etc.‚
1351 839 1467 879 uncle
1490 838 1729 879 attachiata
1754 845 1830 888 est,
1853 845 1929 879 etc.
1995 839 2053 880 Et

331 915 432 955 inde
468 914 621 954 eadem
660 912 846 953 Matilda
883 912 1011 961 venit,
1049 918 1091 952 et
1128 912 1251 964 ponit
1288 925 1333 951 se
1367 912 1408 951 in
1444 912 1584 964 gratia
1621 911 1813 964 Majoris,
1849 918 1891 953 et
1925 912 2054 954 solvit

331 989 414 1042 vjcl.

416 1061 640 1114 Johannes
674 1060 729 1101 de
763 1061 860 1100 Mer
893 1067 935 1100 et
970 1059 1193 1113 Johannes
1231 1060 1342 1108 Koo,
1379 1059 1609 1099 Decenarii
1647 1060 1701 1099 de
1740 1059 2052 1112 Franchegate,

331 1141 611 1190 praesentant
633 1147 765 1174 unam
790 1133 985 1174 affraiam
1009 1147 1106 1174 cum
1131 1133 1343 1186 sanguine
1371 1147 1500 1185 super
1531 1132 1846 1186 Randulphum
1878 1133 2052 1174 Daniell

331 1210 491 1250 factam
509 1222 656 1249 versus
680 1208 924 1250 Gilbertum
950 1208 1153 1257 Berbour,
1171 1221 1250 1260 pro
1272 1221 1323 1247 eo
1346 1208 1463 1260 quod
1487 1207 1734 1260 praedictus
1761 1207 2052 1260 Randulphus

330 1284 555 1337 sagittavit
592 1296 690 1323 cum
728 1295 815 1322 una
851 1282 1012 1335 sagitta
1052 1281 1323 1334 praedictum
1362 1281 1606 1322 Gilbcrtum
1645 1280 1687 1320 in
1726 1279 1899 1330 femore,
1937 1281 2054 1321 unde

330 1358 506 1410 sanguis
543 1357 691 1406 exivit,
729 1362 881 1396 contra
916 1369 1069 1409 pacem
1110 1355 1288 1396 Domini
1328 1355 1473 1407 Regis,
1507 1361 1598 1403 etc.‚
1635 1355 1752 1395 unde
1788 1354 2053 1395 attachiatus

330 1438 406 1480 est,
443 1437 520 1471 etc.
597 1431 654 1470 Et
696 1430 797 1470 inde
838 1430 954 1470 idem
1000 1429 1289 1482 Randulphus
1326 1430 1454 1475 venit.
1493 1435 1535 1469 et
1577 1429 1701 1481 ponit
1743 1442 1788 1468 se
1829 1429 1870 1468 in
1914 1429 2054 1481 gratia

332 1505 523 1558 Majoris,
547 1510 589 1545 et
612 1503 740 1544 solvit
763 1504 868 1556 xijd.

419 1578 637 1618 Robertus
681 1577 842 1619 Ostiler
883 1583 926 1617 et
967 1576 1213 1617 XVillelmus
1266 1576 1448 1625 Botcler,
1490 1575 1683 1625 butcher,
1728 1576 1957 1616 Decenarii
1999 1577 2055 1617 de

331 1652 651 1705 Midilpament‚
671 1658 951 1704 praesentant
969 1664 1099 1691 unam
1120 1650 1315 1691 affraiam
1334 1651 1426 1690 sine
1448 1651 1659 1703 sanguine
1681 1663 1810 1703 super
1831 1650 2052 1690 Thomam

332 1727 514 1775 Benton,
557 1725 753 1773 berbour‚
795 1738 944 1765 versus
998 1725 1235 1777 Hugonem
1278 1723 1675 1777 wymondeslawe‚
1718 1737 1796 1776 pro
1836 1737 1888 1764 eo
1934 1723 2052 1777 quod

330 1800 578 1854 praedictus
616 1799 812 1839 Thomas
850 1799 892 1838 in
931 1799 1165 1840 Communi
1201 1798 1319 1838 Aula
1353 1798 1467 1850 cepit
1502 1797 1773 1850 praedictum
1813 1797 2051 1850 Hugonem

331 1887 429 1915 cum
467 1879 642 1926 pectore
679 1885 758 1912 suo
794 1885 893 1912 cum
932 1885 1018 1912 una
1054 1885 1186 1912 manu
1224 1878 1266 1912 et
1303 1871 1345 1911 in
1384 1871 1468 1911 alia
1502 1884 1634 1911 manu
1671 1871 1786 1924 cepit
1828 1871 2052 1912 cultellum

331 1961 457 1988 suum
481 1946 703 2000 proprium
727 1951 974 1995 tractatum,
998 1952 1041 1985 et
1063 1945 1236 1985 dicebat
1259 1946 1296 1985 ei
1318 1945 1450 1985 verba
1473 1945 1700 1994 malitiosa,
1724 1952 1877 1985 contra
1899 1959 2052 1998 pacem

334 2021 513 2062 Domini
546 2020 690 2072 Regis,
713 2020 830 2059 unde
852 2019 1098 2072 praedictus
1135 2019 1269 2072 Hugo
1298 2018 1436 2060 fuerat
1469 2019 1770 2071 indesperatus
1793 2019 1908 2059 vitae
1939 2033 2053 2069 suae,

332 2096 447 2136 unde
476 2095 723 2148 praedictus
753 2093 949 2133 Thomas
979 2093 1243 2134 attachiatus
1272 2100 1347 2142 est,
1371 2100 1447 2133 etc.
1513 2094 1570 2133 Et
1594 2093 1694 2132 inde
1717 2093 1832 2133 idem
1856 2093 2054 2133 Thomas

332 2170 460 2217 venit,
484 2175 527 2208 et
549 2168 672 2221 ponit
695 2181 740 2207 se
763 2167 804 2206 in
828 2167 969 2220 gratia
992 2166 1183 2219 Majoris,
1207 2173 1249 2207 et
1272 2166 1400 2207 solvit
1424 2166 1528 2219 xijd.

420 2242 638 2282 Robertus
658 2241 820 2283 Ostiler
841 2247 884 2281 et
901 2241 1146 2281 XVillelmus
1171 2240 1353 2290 Boteler,
1371 2240 1562 2289 butcher,
1583 2241 1812 2280 Decenarii
1830 2241 1884 2280 de
1907 2240 2054 2281 Midil-

332 2323 522 2371 pament,
545 2322 826 2370 praesentant
860 2329 991 2356 unam
1028 2314 1222 2355 affraiam
1256 2314 1416 2355 factam
1451 2315 1544 2354 sine
1577 2314 1788 2367 sanguine
1821 2328 1950 2367 super
1979 2314 2053 2367 Jo-

332 2392 536 2440 hannam‚
559 2403 743 2430 uxorem
781 2390 984 2442 Hugonis
1019 2388 1412 2442 Wymondeslawe,
1442 2401 1589 2428 versus
1619 2388 1838 2428 Thomam
1871 2389 2053 2438 Benton‚

333 2465 530 2514 berbour‚
554 2478 632 2517 pro
653 2477 704 2503 eo
727 2464 844 2516 quod
872 2464 1094 2516 praedicta
1121 2463 1326 2516 Johanna
1347 2463 1465 2503 venit
1494 2463 1535 2502 in
1562 2463 1853 2504 Communem
1877 2462 2054 2511 Aulam,

332 2545 374 2580 et
415 2538 473 2578 ibi
515 2538 661 2578 locuta
696 2537 799 2577 fuit1
837 2537 969 2577 verba
1011 2537 1227 2577 malitiosa
1263 2537 1487 2589 praedicto
1523 2536 1733 2585 Thomae,
1771 2542 1814 2576 et
1853 2536 1911 2576 ibi
1953 2549 2052 2576 eum

333 2612 575 2665 alapizavit‚
611 2617 764 2652 contra
803 2625 957 2664 pacem
1001 2611 1179 2650 Domini
1224 2611 1367 2663 Regis,
1409 2617 1499 2658 etc.‚
1542 2611 1658 2650 unde
1699 2610 1938 2650 attachiata
1978 2616 2054 2659 est,

333 2692 410 2727 ete.
475 2686 533 2725 Et
562 2685 663 2725 inde
695 2685 849 2724 eadem
881 2684 1087 2737 Johanna
1118 2685 1247 2733 venit,
1271 2691 1313 2725 et
1342 2685 1465 2737 ponit
1494 2698 1539 2724 se
1569 2685 1610 2724 in
1634 2684 1774 2736 gratia
1797 2684 1988 2737 Majori5‚
2012 2690 2054 2725 et

333 2760 461 2800 solvit
484 2758 588 2812 xijd.

420 2832 645 2885 Johannes
674 2831 729 2871 de
757 2831 957 2883 Wyrhall
987 2837 1030 2871 et
1060 2830 1284 2884 Johannes
1319 2831 1526 2879 Lorimer,
1559 2830 1788 2870 Decenarii
1817 2831 1872 2871 de
1902 2831 2055 2872 Bridil-

334 2906 597 2959 smythgate,
632 2911 915 2958 praesentant
951 2918 1084 2944 unam
1122 2903 1318 2944 affraiam
1353 2904 1513 2945 factam
1549 2918 1647 2944 cum
1682 2905 1894 2957 sanguine
1927 2918 2056 2958 super

333 2980 580 3033 Johannem
620 2979 779 3031 Dycun
816 2992 963 3019 versus
1002 2978 1297 3031 Raclulphum,
1335 2992 1505 3018 servum
1547 2978 1761 3032 Johannis
1801 2979 1938 3031 Jorce,
1976 2992 2055 3031 pro

335 3067 386 3093 eo
408 3053 525 3105 quod
549 3052 795 3105 praedictus
823 3052 1048 3105 Johannes
1077 3052 1347 3105 percutiebat
1373 3066 1471 3092 cum
1494 3052 1660 3105 pugillo
1682 3066 1760 3092 suo
1783 3052 2054 3105 praedictum

337 3125 620 3178 Radulphum
657 3138 786 3178 super
821 3139 869 3165 os
906 3131 949 3165 et
986 3139 1140 3165 nasum
1179 3139 1316 3175 suum,
1354 3126 1470 3166 unde
1506 3126 1683 3178 sanguis
1720 3126 1867 3175 exivit,
1904 3132 2056 3166 contra

335 3212 488 3252 pacem
523 3197 702 3237 Domini
738 3198 882 3250 Regis,
905 3204 995 3248 etc.‚
1026 3199 1142 3239 unde
1173 3199 1436 3239 attachiatus
1469 3206 1544 3248 est,
1574 3205 1651 3240 etc.
1716 3200 1774 3240 Et
1806 3200 1906 3240 inde
1938 3200 2053 3240 idem

335 3271 558 3325 Johannes
580 3271 709 3320 venit,
733 3277 775 3311 et
797 3271 922 3324 ponit
945 3285 990 3311 se
1012 3272 1054 3311 in
1077 3272 1217 3324 gratia
1240 3272 1431 3324 Majoris,
1454 3278 1497 3313 et
1519 3272 1647 3313 solvit
1668 3272 1752 3326 vjd.

993 3363 1001 3376 ¹
1017 3360 1122 3400 βαίη]
1143 3360 1316 3398 ‘suenum’
1333 3361 1405 3393 MS.
