2198 3845
264 383 315 433 38
529 392 748 426 RECORDS
780 393 840 425 OF
873 394 974 425 THE
1005 393 1242 426 BOROUGH
1274 394 1334 426 OF
1369 392 1718 425 NOTTINGHAM.
1855 380 1990 434 [1240

265 519 342 563 est,
374 520 526 556 contra
561 528 713 557 omnes
750 522 902 569 gentes
939 516 1271 569 imperpetuum.
1336 517 1387 556 In
1426 515 1554 569 hujus
1592 520 1740 555 autem
1773 513 1833 554 rei
1870 511 1990 553 testi-

268 588 463 628 monium
506 590 723 642 praesenti
763 590 925 644 scripto
966 589 1156 643 sigillum
1195 603 1341 630 meum
1384 589 1579 642 apposui.
1657 587 1740 628 His
1782 585 1993 628 testibus:

270 661 465 702 Domino
497 663 695 704 Galfrido
728 665 869 714 Barre,
901 663 1124 704 Vv'illelmo
1156 677 1343 717 persona
1375 664 1429 704 de
1464 661 1692 716 Kyrkeby,
1715 667 1820 702 tunc
1850 672 1993 700 senes-

269 735 390 785 callo,
412 736 635 777 &Villelmo
659 738 803 790 Bryan
827 738 881 778 de
904 737 1210 790 Nottingham,
1237 737 1429 778 Radulfo
1453 737 1591 790 Bugg,
1618 735 1812 776 Henrico
1840 735 1993 787 Kytte‚

271 809 466 850 Roberto
495 811 685 852 Torkart
713 812 768 853 de
799 811 999 865 Kyrkby,
1025 811 1229 864 Johanne
1257 812 1312 852 de
1344 812 1517 860 Permit,
1551 811 1727 864 Rogero
1758 810 1813 850 de
1845 807 1993 862 Anys-

270 883 380 936 legh,
403 884 572 925 Ywano
596 885 783 935 Britone‚
811 886 985 926 Thoma
1007 886 1062 926 de
1084 885 1330 939 Anyslegh,
1354 892 1397 926 et
1421 885 1514 926 aliis
1537 884 1741 939 pluribus.

1721 967 1844 1009 4770,
1868 970 1905 1010 p.
1931 966 1993 997 20.

474 1148 809 1190 XIX—Grant
828 1149 882 1201 of
904 1148 1013 1190 Wz'll.
1037 1149 1074 1188 lc
1096 1148 1264 1189 Fanlmt
1287 1154 1327 1189 lo
1352 1148 1396 1189 S.
1412 1147 1564 1203 solm’s
1586 1147 1795 1200 Hospital.

1042 1254 1073 1279 c.
1104 1251 1219 1290 1240.

360 1329 541 1371 1Sciant
575 1343 728 1370 omnes
762 1336 853 1371 tam
888 1336 1138 1383 praesentes
1175 1341 1306 1383 quam
1336 1328 1467 1370 futuri
1491 1329 1608 1382 quod
1644 1342 1727 1381 ego
1754 1327 2001 1368 W'illelmus

272 1403 309 1443 le
334 1403 505 1444 Fanton
530 1403 584 1443 de
609 1402 810 1456 Kirkeby
832 1404 1036 1453 concessi,
1060 1404 1172 1453 dedi,
1195 1410 1238 1444 et
1268 1404 1348 1444 hac
1376 1402 1595 1456 praesenti
1622 1408 1742 1443 carta
1772 1415 1870 1442 mea
1898 1415 2000 1442 con-

272 1476 450 1527 firmavi,
483 1477 645 1517 Domui
680 1477 901 1531 Hospitali
927 1478 1077 1520 Sancti
1108 1477 1323 1530 Johannis
1355 1477 1581 1530 Baptistae
1609 1476 1664 1517 de
1694 1475 2002 1529 Nottingham,

273 1557 315 1591 et
346 1551 567 1592 Fratribus
600 1551 762 1592 ibidem
800 1552 897 1591 Deo
931 1552 1229 1600 servientibus,
1258 1558 1400 1593 totum
1430 1558 1604 1604 pratum
1635 1563 1781 1590 meum
1812 1549 1854 1590 in
1882 1550 2002 1591 terri-

274 1625 385 1665 torio
414 1625 468 1665 de
500 1625 699 1679 Kirkeby
722 1626 838 1679 apud
870 1626 1186 1675 Stondeloms,2
1209 1632 1251 1666 et
1281 1626 1391 1666 duos
1421 1625 1622 1666 selliones
1655 1630 1795 1665 terrae
1827 1637 1884 1664 ex
1916 1637 2004 1664 una

277 1704 400 1751 parte
427 1698 623 1752 ejusdem
659 1700 782 1752 prati,
811 1706 854 1740 et
881 1700 991 1740 duos
1020 1700 1221 1740 selliones
1250 1714 1306 1740 ex
1336 1700 1473 1740 altera
1501 1705 1624 1752 parte
1652 1698 1850 1752 ejusdem
1879 1698 2003 1752 prati,

276 1772 531 1813 abuttantes
566 1786 695 1826 super
727 1773 999 1826 praedictum
1033 1780 1219 1826 pratum,
1253 1780 1296 1814 et
1332 1774 1442 1814 duos
1477 1773 1679 1814 selliones
1713 1778 1852 1813 terrae
1886 1772 2003 1826 apud

279 1846 432 1887 Ywete
463 1846 702 1889 Crostiston
730 1845 903 1902 jux[t]a
932 1854 1091 1888 terram
1122 1848 1324 1889 Thomae
1356 1848 1496 1896 Fabri,
1520 1854 1562 1888 et
1592 1854 1678 1888 tres
1708 1847 1836 1887 rodas
1866 1853 2005 1887 terrae

277 1920 394 1972 apud
427 1921 553 1962 west
587 1920 885 1971 wendecliffe,
919 1928 962 1963 et
991 1936 1123 1963 unam
1159 1922 1312 1962 rodam
1348 1922 1464 1975 apud
1502 1920 1645 1962 North
1677 1920 1845 1961 Brocke
1875 1920 2006 1973 juxta

277 2000 436 2034 terram
466 1994 650 2035 Galfridi
683 1996 933 2049 Praepositi,
957 2002 1000 2037 et
1032 1996 1260 2037 dimidiam
1289 2010 1433 2037 acram
1464 2002 1604 2037 terrae
1639 1995 1755 2048 apud
1794 1993 2007 2047 Hollgate

279 2068 333 2108 de
381 2069 640 2118 Prestewell,
686 2083 785 2110 cum
833 2070 997 2111 bucco:
1038 2070 1242 2111 habenda
1285 2077 1327 2111 et
1369 2070 1560 2111 tenenda
1603 2069 1712 2117 Deo,
1757 2067 1921 2108 Domui
1963 2074 2007 2108 et

282 2142 409 2183 dictis
441 2143 676 2192 Fratribus,
707 2144 762 2184 de
791 2157 861 2184 me
895 2151 938 2185 et
967 2145 1022 2185 de
1051 2144 1283 2185 heredibus
1313 2144 1421 2184 meis
1455 2143 1598 2191 libere,
1629 2142 1786 2196 quiete,
1816 2141 2006 2195 pacifice,

283 2215 394 2256 bene
416 2222 459 2257 et
481 2216 659 2269 integre,
675 2230 773 2258 cum
797 2218 1001 2259 omnibus
1024 2218 1297 2259 libertatibus
1321 2224 1363 2259 et
1381 2217 1670 2265 casiamentis,
1686 2223 1729 2257 et
1751 2230 1850 2257 cum
1874 2216 2008 2257 libera

284 2296 462 2344 pastura
484 2291 538 2331 ad
562 2297 750 2344 quatuor
771 2292 904 2333 boves
927 2299 970 2333 et
999 2293 1234 2346 sexaginta
1257 2306 1371 2341 oves,
1394 2292 1467 2332 ubi
1491 2305 1573 2344 ego
1596 2291 1738 2332 dictus
1760 2290 2008 2331 willelmus

285 2378 521 2405 communo
544 2371 587 2406 et
610 2366 973 2408 communicabo:
1005 2365 1262 2408 reddendo3
1291 2366 1393 2407 inde
1422 2365 1650 2406 annuatim
1681 2364 1787 2405 mihi
1816 2371 1859 2405 et
1887 2364 2008 2405 here-

285 2438 413 2479 dibus
457 2439 564 2479 meis
605 2453 740 2480 unum
784 2440 1011 2481 denarium
1060 2440 1171 2481 infra
1216 2439 1422 2481 octabas4
1465 2439 1668 2488 Paschae,
1710 2452 1789 2492 pro
1835 2438 2010 2479 servitio

286 2512 505 2562 saeculari,
529 2513 761 2554 exactione
783 2520 826 2555 et
848 2515 1078 2555 demanda.
1144 2515 1201 2555 Et
1224 2528 1306 2567 ego
1329 2514 1470 2555 dictus
1493 2513 1740 2554 XVillelmus
1763 2519 1806 2554 et
1828 2513 2010 2554 heredes

288 2586 373 2627 mei
395 2587 560 2628 dictum
588 2594 762 2640 pratum
789 2594 832 2629 et
854 2588 993 2629 dictas
1022 2595 1158 2629 terras
1181 2588 1324 2628 dictae
1356 2586 1530 2635 Domui,
1554 2586 1680 2627 dictis
1712 2586 1937 2628 Fratribus
1967 2594 2011 2628 et

288 2660 520 2714 assignatis
552 2674 714 2710 eorum,
747 2668 899 2702 contra
930 2676 1083 2702 omnes
1116 2668 1269 2715 gentes
1300 2660 1702 2702 warrantizabimus
1731 2666 1774 2701 et
1805 2660 2010 2702 defende-

290 2748 385 2775 mus
404 2734 735 2787 imperpetuum.
791 2735 874 2776 Pro
896 2735 977 2776 hac
1000 2742 1147 2776 autem
1171 2734 1451 2775 concessione
1473 2740 1516 2775 et
1537 2733 1776 2775 donatione
1797 2734 2012 2776 dederunt

290 2808 395 2848 mihi
418 2808 521 2848 dicti
546 2809 719 2849 Fratres
745 2809 980 2862 sexaginta
1008 2809 1170 2850 solidos
1200 2822 1303 2862 prae
1334 2807 1544 2848 manibus.
1609 2807 1667 2848 Et
1699 2814 1747 2848 ut
1778 2807 1885 2848 haec
1915 2822 2013 2850 mea

291 2882 513 2922 concessio
545 2888 588 2923 et
616 2883 807 2932 donatio,
837 2889 881 2924 et
912 2889 1057 2924 cartae
1089 2896 1212 2923 meae
1244 2881 1529 2931 confirmatio,
1558 2887 1653 2922 rata
1685 2881 1740 2922 sit
1774 2888 1817 2923 et
1845 2882 2013 2923 stabilis

291 2962 557 3009 permaneat,
600 2956 700 2996 huic
748 2957 911 3010 scripto
962 2957 1152 3010 sigillum
1206 2969 1352 2997 meum
1405 2955 1599 3009 apposui.
1665 2955 1748 2996 His
1799 2956 2014 2997 testibus:

293 3030 487 3070 Domino
523 3030 718 3071 Roberto
753 3030 898 3071 Priore
931 3031 986 3071 de
1020 3031 1150 3071 Novo
1185 3031 1316 3080 Loco,
1348 3029 1546 3070 Waltero
1582 3029 1727 3069 Priore
1760 3030 1815 3070 de
1853 3029 2013 3083 Felley,

291 3104 462 3144 Ywano
511 3103 700 3154 Britone‚
745 3104 994 3158 Reginaldo
1041 3105 1096 3145 de
1145 3104 1304 3153 Insula,
1348 3103 1545 3145 Roberto
1593 3102 1793 3153 Torkart‚
1839 3104 2014 3157 Rogero

294 3177 496 3230 Perpunt,
537 3178 740 3230 Johanne
783 3178 986 3231 Perpunt,
1029 3178 1204 3219 Thoma
1244 3179 1299 3219 de
1346 3178 1544 3231 Anesley
1585 3177 1750 3226 clerico,
1792 3177 2015 3218 W'illelmo

294 3250 481 3299 Britone‚
505 3257 548 3291 et
570 3251 672 3292 aliis.
1740 3261 1863 3302 4770,
1887 3265 1924 3304 p.
1951 3263 2012 3291 21.

940 3329 946 3341 ¹
975 3325 1072 3356 From
1090 3324 1245 3356 Greaves'
1262 3336 1388 3366 papers.
