2198 3845
276 418 329 466 98
542 425 760 457 RECORDS
793 425 852 458 OF
885 425 985 456 THE
1018 423 1253 456 BOROUGH
1287 422 1347 454 OF
1382 421 1728 453 NOTTINGHAM.
1866 410 1994 467 [1325

323 589 643 630 L.-Mandate
663 590 717 641 of
730 589 795 629 the
816 587 1079 640 Al‘cltbz'slcop
1100 593 1139 627 [0
1161 587 1227 626 tlte
1248 586 1422 626 stlaster
1439 586 1494 637 of
1507 584 1550 626 S.
1569 584 1721 639 solm's
1743 584 1953 638 Hospz'tal.

895 703 1011 745 1325,
1038 692 1299 745 September
1323 703 1385 731 21.

363 843 704 891 1XV1LLELMUS,
747 841 1031 894 permissione
1076 840 1234 889 divina,
1279 839 1568 880 Eboracensis
1614 838 1998 893 Archiepiscopus,

275 915 466 968 Angliae
500 916 675 964 Primas,
699 915 859 955 dilecto
883 914 970 955 filio
1003 914 1198 955 Domino
1225 913 1455 954 Matthaeo
1478 913 1532 953 de
1565 912 1760 962 Halisax,
1785 914 2000 966 Magistro

279 989 523 1042 Hospitalis
573 989 723 1031 Sancti
764 989 978 1042 Johannis
1022 988 1248 1040 Baptistae
1290 987 1422 1040 juxta
1457 986 1764 1039 Nottingham,
1801 987 2000 1035 salutem,

275 1063 472 1115 gratiam,
509 1069 552 1103 et
589 1062 949 1102 benedictionem.
1025 1062 1136 1103 Cum
1180 1068 1354 1101 nostrae
1391 1060 1653 1100 solicitudini
1688 1061 1894 1113 pastorali
1938 1062 1998 1101 in-

275 1136 478 1176 cumbere
507 1137 800 1189 dignoscatur,
834 1150 883 1176 ac
914 1150 991 1175 nos
1021 1142 1175 1188 urgeat
1204 1148 1331 1175 curae
1364 1134 1490 1174 nobis
1521 1141 1773 1187 assumptae
1806 1135 1998 1188 regimen

275 1224 483 1263 perquam
522 1224 653 1263 grave
686 1210 741 1250 ad
769 1210 902 1263 digna
939 1210 1021 1250 Dei
1056 1209 1266 1262 obsequia
1301 1222 1386 1248 non
1418 1209 1729 1249 tantummodo
1761 1209 1998 1258 dilatanda,

275 1285 377 1337 quin
422 1284 552 1324 etiam
588 1285 642 1324 ad
686 1298 736 1324 ea
768 1284 963 1336 dispersa
1005 1283 1357 1336 recolligendum,
1401 1288 1473 1322 ut2
1516 1282 1616 1322 inde
1653 1282 1794 1322 cultus
1827 1283 1999 1323 divinus

275 1359 316 1397 in
353 1358 526 1398 laudem
566 1358 649 1398 Dei
687 1358 886 1398 devotius
927 1364 1148 1410 augeatur,
1182 1364 1224 1398 et
1270 1357 1310 1396 in
1350 1363 1607 1409 perpetuam
1643 1357 1900 1397 memoriam
1935 1371 1997 1398 re-

274 1432 466 1472 ducatur.
531 1432 648 1473 Sane
681 1446 778 1472 cum
814 1432 980 1472 dudum
1017 1432 1058 1471 in
1094 1431 1212 1472 dicto
1245 1430 1451 1483 hospitali
1487 1431 1574 1470 duo
1612 1429 1764 1471 fratres
1801 1437 1876 1471 aut
1911 1438 1998 1472 tres

275 1512 590 1546 consueverant
627 1506 834 1555 habitare,
869 1520 928 1555 ac,
965 1507 1099 1546 vitam
1134 1506 1344 1546 ducentes
1382 1505 1630 1557 religiosam
1669 1512 1763 1546 toto
1801 1512 2001 1559 tempore

275 1593 364 1628 suo,
389 1579 492 1620 inibi
518 1580 614 1620 Deo
637 1581 794 1620 servire
823 1580 1099 1620 laudabiliter
1128 1579 1169 1619 in
1193 1579 1377 1629 divinis;
1411 1579 1561 1619 audito
1583 1580 1701 1632 quod
1732 1586 1778 1620 tu
1810 1579 1851 1619 in
1882 1580 2001 1621 dicto

277 1653 481 1706 hospitali
515 1654 631 1694 solus
666 1661 780 1694 stare
814 1654 1064 1707 praesumis,
1095 1667 1193 1693 cum
1228 1653 1262 1693 si
1297 1652 1502 1692 cecideris
1536 1666 1622 1692 non
1659 1652 1821 1693 habeas
1851 1654 1923 1706 qui
1959 1660 2002 1694 te

276 1727 419 1768 valeat
453 1727 652 1777 relevare,
688 1728 729 1768 in
764 1728 867 1768 dicti
903 1727 1043 1768 cultus
1078 1727 1211 1768 divini
1247 1726 1595 1775 diminutionem,
1629 1740 1678 1766 ac
1709 1727 2002 1768 multitudinis

276 1800 531 1841 scandalum
567 1801 799 1854 popularis,
835 1801 913 1841 tibi
949 1801 1218 1854 injungimus
1255 1807 1298 1841 et
1336 1801 1598 1840 mandamus
1632 1801 1887 1854 quat[en]us
1922 1802 2002 1842 tibi

277 1888 410 1914 unam
448 1875 515 1915 vel
553 1875 661 1915 duas
698 1889 905 1928 personas
943 1875 1122 1915 idoneas
1160 1875 1202 1914 in
1240 1874 1478 1915 confratres
1516 1881 1624 1924 tuos,
1658 1882 1786 1927 prout
1818 1875 2001 1916 facultas

277 1948 473 2001 ejusdem
509 1948 752 2001 permiserit
788 1948 1027 2001 hospitalis,
1061 1949 1115 1989 ad
1157 1949 1239 1988 Dei
1277 1948 1488 1989 honorem
1526 1955 1569 1989 et
1607 1949 1684 1991 Sui
1719 1949 1860 1990 cultus
1897 1964 2001 2003 aug-

278 2029 487 2071 mentum,
511 2023 700 2075 recipere
732 2023 908 2063 studeas
941 2023 1033 2062 sine
1066 2036 1197 2071 mora,
1221 2022 1378 2075 quibus
1411 2029 1555 2062 tecum
1587 2023 1834 2076 assumptis,
1857 2030 1900 2064 et
1923 2024 2001 2064 tibi

277 2097 332 2136 de
361 2097 531 2137 decenti
566 2096 729 2145 habitu,
753 2096 870 2149 quali
905 2095 1057 2136 fratres
1092 2096 1253 2136 ibidem
1288 2096 1351 2136 uti
1385 2103 1701 2137 consueverant
1731 2097 2001 2150 temporibus

279 2170 513 2219 retroactis,
537 2169 669 2210 facias
702 2170 938 2222 providere,
963 2183 1050 2223 quo
1082 2176 1124 2210 te
1156 2177 1199 2211 et
1232 2170 1327 2210 illos
1357 2170 1418 2210 uti
1442 2170 1647 2223 deinceps
1670 2170 1872 2211 volumus
1901 2185 2000 2211 cum

278 2243 446 2293 effectu,
485 2244 767 2284 reddentibus
804 2243 1047 2293 AltissimO,
1086 2251 1214 2297 prout
1247 2244 1304 2284 ibi
1342 2244 1551 2284 celebrius
1590 2244 1727 2285 fuerat
1769 2245 2000 2286 obtentum

279 2318 469 2358 sanctius
493 2317 547 2358 ab
570 2318 761 2370 antiquo,
785 2317 935 2357 laudes
965 2324 1007 2358 et
1036 2318 1246 2371 obsequia
1268 2318 1473 2358 diuturna
1502 2319 1663 2371 pariter
1691 2326 1734 2360 et
1763 2327 2002 2361 nocturna:

279 2405 387 2444 quos
421 2392 598 2444 quidem
628 2390 780 2431 fratres
813 2398 855 2432 et
889 2405 989 2431 suos
1024 2405 1294 2432 successores
1324 2393 1366 2432 in
1402 2393 1626 2445 praedicto
1655 2393 1870 2446 hospitali,
1901 2408 2000 2435 cum

279 2465 441 2505 ibidem
471 2465 629 2506 fuerint
663 2464 855 2518 professi,
885 2465 1082 2506 omnium
1120 2466 1336 2508 Salvatori
1371 2481 1449 2506 suo
1483 2466 1642 2506 debere
1675 2473 1873 2520 tempore
1907 2482 2001 2521 per-

280 2552 455 2579 manere
485 2539 757 2579 decernimus
787 2553 836 2579 ac
869 2540 1000 2580 etiam
1031 2540 1310 2580 ordinamus:
1342 2541 1656 2593 quamquidem
1687 2540 2000 2593 professionem

281 2612 335 2652 ab
370 2613 472 2665 ipsis
507 2612 720 2662 fratribus,
750 2619 792 2653 et
822 2627 971 2653 eorum
1002 2614 1208 2666 quolibet,
1245 2615 1425 2667 recipias
1459 2621 1588 2667 prout
1622 2616 1832 2655 canonica
1866 2617 2001 2657 dicta-

280 2686 420 2726 verint
465 2687 672 2727 instituta.
738 2687 788 2726 In
831 2687 953 2740 cujus
991 2688 1048 2727 rei
1086 2688 1386 2728 testimonium
1422 2688 1611 2741 sigillum
1647 2696 1843 2729 nostrum
1880 2704 2001 2742 prae-

281 2762 475 2802 sentibus
517 2768 582 2802 est
624 2775 877 2814 appensum.
941 2763 1123 2803 Valete!
1202 2764 1367 2803 Datum
1411 2764 1527 2816 apud
1570 2763 1784 2804 Whatton
1828 2771 2003 2805 nostrae

282 2836 501 2885 dioecesis,
525 2835 582 2888 xj.
607 2835 817 2875 kalendas
848 2836 1063 2885 Octobris,
1087 2850 1202 2877 anno
1236 2837 1415 2877 Domini
1446 2837 1678 2877 millesimo
1706 2838 2002 2879 tricentesimo

281 2909 486 2949 vicesimo
508 2909 672 2962 quinto,
695 2916 738 2949 et
761 2908 1041 2962 portificatus
1064 2911 1199 2951 nostri
1224 2917 1390 2951 octavo.
1726 2922 1850 2962 4770,
1874 2926 1911 2965 p.
1942 2914 1999 2952 16.

562 3034 569 3046 ¹
597 3031 694 3061 From
713 3030 866 3062 Greaves'
884 3042 1010 3072 papers.
1486 3036 1498 3048 ²
1522 3032 1585 3071 ut‚]
1606 3033 1614 3047 ‘
1626 3032 1682 3069 et,⁷
1700 3033 1773 3065 MS.
