2198 3845
307 410 384 439 120
566 410 786 443 RECORDS
818 411 878 443 OF
911 411 1011 442 THE
1044 410 1279 443 BOROUGH
1313 411 1372 442 OF
1408 410 1754 442 NOTTINGHAM.
1890 397 2018 452 [1332

549 531 942 584 LX.-l1‹122222.s122'01
962 533 1016 583 of
1028 532 1093 571 the
1115 532 1344 585 Bmgesses
1354 533 1476 584 from
1492 531 1776 586 surisdz'clion

922 606 976 657 of
991 606 1226 645 Sllerwood
1242 606 1397 646 Forest.

1110 689 1225 731 1332.

388 749 532 802 Major
565 756 608 791 et
643 751 886 804 Burgenses
915 751 1042 792 villae
1071 752 1125 792 de
1156 753 1429 806 Notingham
1463 752 1656 792 clamant
1688 751 1848 792 habere
1880 755 2020 791 totam

301 828 460 863 terram
484 837 619 874 suam,
643 838 740 865 eum
765 825 1037 878 pertinentiis
1060 826 1158 876 suis,
1174 827 1229 867 de
1253 826 1527 879 Notingham
1550 825 1738 866 solutam
1762 831 1804 865 et
1826 824 2019 878 quietam

301 898 355 938 de
383 899 528 949 vastis,
552 900 737 950 assartiS,
761 901 1062 954 purpresturis‚
1085 908 1128 942 et
1157 902 1211 942 de
1241 902 1424 955 regardo
1453 901 1542 941 sive
1570 900 1663 940 visu
1687 898 2020 947 forestariorum,

300 973 612 1023 viridariorum,
632 975 972 1026 regardatorum,
992 989 1065 1016 seu
1089 975 1270 1016 aliorum
1296 975 1591 1016 ministrorum
1617 973 1823 1013 Forestae
1842 971 2022 1012 Domini

303 1047 446 1099 Regis.
511 1048 569 1088 Et
599 1048 730 1088 etiam
761 1049 953 1090 clamant
976 1050 1136 1090 habere
1165 1050 1400 1103 leporarios
1423 1056 1466 1090 et
1495 1062 1624 1089 canes
1646 1061 1747 1087 suos
1770 1046 1886 1099 apud
1912 1046 2021 1086 Not-

301 1120 479 1173 ingham
503 1121 557 1161 ad
588 1122 822 1162 currendos
851 1129 894 1163 et
917 1124 1153 1176 capiendos
1183 1124 1351 1177 lepores
1374 1130 1417 1164 et
1439 1122 1590 1176 vulpes
1613 1128 1741 1162 extra
1762 1126 2016 1174 coopertum

303 1194 518 1234 Forestae.
582 1195 843 1249 Quaesitum
868 1203 932 1238 est
959 1197 1014 1238 ab
1037 1198 1097 1238 eis
1120 1211 1207 1251 quo
1229 1197 1366 1247 titulo,
1391 1211 1465 1237 seu
1488 1210 1575 1250 quo
1603 1201 1808 1244 waranto,
1831 1194 2024 1234 clamant

300 1269 460 1310 habere
482 1270 733 1323 hujusmodi
759 1272 980 1313 libertates
1010 1280 1053 1314 et
1076 1273 1278 1326 proficua.
1343 1273 1428 1326 Qui
1459 1272 1639 1312 veniunt
1669 1285 1744 1324 per
1771 1270 2021 1324 Johannem

300 1344 355 1383 de
399 1344 616 1396 Leyburn‚
660 1352 930 1387 attornatum
973 1361 1111 1395 suum,
1149 1354 1192 1388 et
1233 1347 1337 1387 dicit
1374 1347 1491 1400 quod
1534 1346 1757 1399 Johannes
1799 1344 2023 1397 quondam

302 1417 462 1458 Comes
491 1418 545 1458 de
577 1419 794 1472 Morteyn,
825 1421 898 1473 qui
928 1421 1032 1461 dum
1064 1421 1143 1461 fuit
1174 1421 1392 1461 Dominus
1423 1420 1563 1462 Castri
1593 1420 1648 1460 de
1678 1418 1952 1471 Notingham
1982 1423 2024 1458 et

301 1492 434 1532 totius
471 1493 676 1533 Forestae
711 1494 765 1534 de
800 1494 1103 1546 Schyrewode,
1138 1495 1304 1535 habens
1338 1501 1502 1534 statum
1544 1499 1587 1533 et
1621 1498 1885 1546 potestatem
1920 1504 2022 1531 con-

301 1565 483 1606 cedendi
507 1566 611 1606 talia
634 1566 827 1619 proficua
856 1574 898 1607 et
928 1568 1149 1609 libertates
1180 1575 1226 1609 ut
1256 1582 1331 1622 per
1353 1575 1517 1608 cartam
1549 1580 1684 1616 suam,
1707 1579 1839 1619 quam
1863 1565 2026 1618 profert

300 1640 369 1679 hic
403 1639 445 1679 in
483 1640 622 1689 Curia,
665 1641 796 1690 dedit,
839 1643 1053 1683 concessit
1094 1643 1326 1695 praedictis
1370 1641 1612 1694 Majoribus
1649 1646 1691 1680 et
1730 1639 2025 1692 Burgensibus

301 1720 440 1754 totam
483 1720 642 1754 terram
685 1728 820 1764 suam,
864 1729 962 1755 cum
1005 1716 1287 1769 pertinentiis,
1329 1717 1384 1756 de
1428 1714 1701 1767 Notingham
1740 1713 1933 1766 quietam
1971 1713 2026 1753 de

300 1788 445 1837 vastis,
483 1788 668 1837 assartis,
707 1790 1007 1842 purpresturis,
1049 1796 1091 1830 et
1133 1791 1188 1830 de
1230 1790 1413 1843 regardo
1450 1789 1539 1828 sive
1576 1788 1668 1828 visu
1705 1786 2025 1827 foresteriorum

301 1862 612 1911 viridariorum,
638 1863 966 1915 regardatorum
990 1877 1064 1904 seu
1088 1864 1269 1904 aliorum
1295 1863 1590 1903 ministrorum
1616 1861 1822 1901 Forestae
1846 1859 2026 1900 Domini

304 1936 465 1989 Regis3
507 1943 550 1977 et
583 1936 743 1977 habere
777 1943 820 1977 et
854 1944 1001 1978 tenere
1039 1937 1274 1991 leporarios
1309 1944 1351 1978 et
1387 1950 1516 1977 canes
1549 1949 1649 1976 suos
1686 1935 1803 1988 apud
1837 1933 2025 1986 Noting-

301 2011 415 2060 ham,
446 2011 500 2051 ad
539 2011 774 2051 currendos
807 2018 849 2052 et
882 2012 1118 2064 capiendos
1153 2012 1321 2064 lepores
1354 2017 1397 2051 et
1428 2009 1580 2062 vulpes
1613 2015 1740 2049 extra
1771 2013 2025 2060 coopertum

304 2086 537 2135 Forestae;
583 2085 643 2125 ita
680 2092 827 2126 tamen
867 2086 985 2139 quod
1028 2086 1256 2126 occasione
1292 2084 1542 2138 hujusmodi
1582 2083 1793 2123 libertatis
1832 2081 2027 2122 Domino

304 2159 426 2212 Regi,
451 2173 529 2199 nec
563 2159 795 2200 heredibus
830 2160 928 2210 suis,
952 2161 1194 2213 dampnum
1231 2174 1318 2200 non
1355 2159 1429 2200 fiat
1464 2159 1518 2199 de
1552 2157 1784 2198 venatione
1818 2170 1904 2197 sua.
1969 2155 2028 2196 Et

302 2232 563 2286 supplicavit
604 2234 857 2286 Justitiariis
895 2235 1013 2287 quod
1055 2235 1204 2275 omnia
1245 2241 1288 2275 et
1330 2233 1501 2286 singula
1543 2232 1782 2286 praemissa
1823 2235 2029 2284 poterunt

305 2307 462 2360 inquiri
501 2321 577 2360 per
614 2307 874 2357 forestarios,
912 2309 1147 2358 viridarios,
1186 2309 1496 2362 regardatoreS,
1535 2313 1577 2347 et
1618 2320 1770 2346 omnes
1809 2305 2028 2345 ministros

305 2381 485 2421 Domini
518 2381 663 2434 Regis,
688 2382 911 2435 q[uali]ter
943 2390 985 2423 et
1014 2384 1238 2435 quomodo
1270 2382 1480 2436 praedicti
1516 2381 1661 2434 Major
1694 2387 1736 2421 et
1772 2380 2027 2432 Burgenses,

305 2462 347 2495 et
374 2462 670 2495 antecessores
700 2456 775 2505 sui,
800 2457 863 2496 usi
894 2463 995 2497 sunt
1025 2457 1298 2497 libertatibus
1328 2462 1370 2496 et
1399 2454 1601 2509 proficuis
1631 2453 1891 2507 praedictis;
1923 2452 2026 2505 quia

305 2529 540 2582 conjuncta
562 2528 641 2569 fuit
665 2529 888 2582 inquisitio
917 2537 1007 2570 tam
1035 2544 1111 2583 per
1140 2536 1463 2570 sacramentum
1493 2528 1689 2569 omnium
1720 2527 2028 2576 ministrorum,

305 2617 438 2656 quam
462 2603 644 2643 aliorum
670 2603 743 2656 xij.
768 2604 1004 2656 proborum
1033 2611 1075 2645 et
1105 2604 1310 2657 legalium
1340 2604 1579 2652 hominum,
1604 2603 1658 2642 ad
1681 2602 1763 2642 hoc
1782 2601 2026 2654 juratorum

306 2683 353 2717 ut
374 2677 640 2729 Justitiarios
664 2677 903 2718 certificent
926 2679 980 2718 de
1003 2678 1179 2718 clameis
1203 2677 1444 2730 praedictis.
1509 2676 1595 2730 Qui
1615 2675 1757 2728 jurati,
1781 2675 1932 2715 dicunt
1955 2687 2030 2727 per

306 2757 627 2791 sacramentum
663 2766 789 2792 suum
820 2753 937 2805 quod
973 2752 1182 2805 praedicti
1218 2751 1363 2804 Major
1396 2757 1439 2791 et
1474 2751 1729 2802 Burgenses,
1759 2755 1802 2789 et
1836 2755 2029 2788 anteces-

306 2839 423 2865 sores
460 2826 535 2874 sui,
574 2832 713 2866 totam
752 2833 911 2866 terram
949 2826 1229 2879 praedictam,
1263 2839 1288 2865 a
1324 2831 1521 2877 tempore
1558 2822 1849 2863 concessionis
1886 2828 2031 2861 cartae

307 2900 517 2952 praedicti
550 2900 765 2952 Johannis
799 2900 854 2939 de
889 2901 1094 2952 Morteyn
1130 2912 1267 2952 usque
1301 2911 1463 2938 annum
1499 2896 1618 2949 regni
1655 2895 1789 2948 Regis
1825 2895 2029 2935 Edwardi

309 2973 376 3013 avi
408 2974 588 3013 Domini
621 2973 753 3026 Regis
784 2987 897 3014 nunc
924 2974 1083 3026 xxvij0‚
1107 2987 1279 3025 semper
1306 2972 1479 3012 fuerunt
1511 2977 1638 3011 extra
1669 2970 1907 3022 regardam.
1972 2969 2031 3009 Et

309 3046 515 3096 similiter,
539 3047 689 3087 dicunt
711 3048 828 3100 quod
852 3061 909 3087 ex
933 3047 1113 3099 antiqua
1135 3046 1460 3094 consuetudine,
1483 3051 1525 3085 et
1555 3058 1579 3084 a
1607 3050 1805 3096 tempore
1826 3056 1914 3095 quo
1943 3053 2029 3081 non

310 3126 435 3161 extat
468 3121 688 3170 memoria,
712 3121 980 3173 praedictam
1014 3127 1173 3161 terram
1206 3125 1332 3160 extra
1360 3118 1589 3171 regardam
1622 3117 1681 3157 sic
1713 3122 1956 3164 tenuerunt,
1989 3121 2032 3155 et

310 3194 545 3246 leporarios
574 3200 617 3234 et
650 3207 778 3234 canes
812 3207 913 3234 suos
946 3193 1056 3233 infra
1089 3193 1357 3246 praedictam
1391 3198 1549 3232 terram
1582 3191 1636 3230 de
1670 3189 1943 3242 Notingham
1976 3189 2031 3229 ad

311 3267 545 3307 currendos
580 3273 622 3307 et
655 3268 891 3320 capiendos
924 3267 1091 3320 lepores
1125 3273 1168 3308 et
1196 3266 1346 3319 vulpes
1380 3265 1636 3312 habuerunt,
1666 3278 1691 3303 a
1719 3270 1916 3316 tempore
1945 3275 2032 3315 quo

312 3354 398 3380 non
429 3346 554 3381 extat
587 3341 823 3391 memoria,
857 3341 917 3382 ita
949 3347 1095 3381 tamen
1119 3340 1237 3392 quod
1270 3339 1498 3379 occasione
1530 3337 1779 3390 hujusmodi
1810 3336 2030 3384 libertatis,
