2198 3845
325 387 403 426 180
585 397 804 428 RECORDS
837 398 897 429 OF
930 398 1029 429 THE
1063 398 1298 430 BOROUGII
1332 399 1392 430 OF
1428 399 1774 431 NOTTINGHAM.
1911 389 2040 446 [1363

312 517 430 571 jacet
472 520 512 559 in
557 521 803 570 Wrendale‚
843 521 974 574 juxta
1016 528 1174 562 terram
1220 522 1380 575 Rogeri
1418 523 1473 562 (10
1518 522 1778 575 Hoppewell
1821 536 1878 562 ex
1920 528 2044 575 parte

317 592 490 644 boriali;
538 601 581 635 et
613 608 699 635 una
736 609 834 635 acra
862 596 979 648 jacet
1008 609 1065 635 ex
1097 602 1344 636 transverso
1378 596 1708 649 Lingdalegate,
1742 597 1853 637 inter
1884 602 2043 637 terram

320 667 499 707 Henrici
534 669 640 708 Man
673 683 730 709 ex
763 676 886 722 parte
917 669 1188 719 occidentali,
1219 676 1261 711 et
1294 677 1452 711 terram
1486 671 1710 723 quondam
1742 670 1957 724 Johannis
1990 670 2045 710 de

319 741 518 782 Shirwod
561 757 618 782 ex
660 750 783 796 parte
824 743 1044 793 orientali;
1085 750 1128 784 et
1170 757 1256 784 una
1294 745 1400 784 roda
1437 744 1554 797 jacet
1591 745 1632 784 in
1674 744 1889 797 Lingdale
1926 744 1967 783 in
2006 743 2045 784 le

318 814 672 869 Middelfurlong.
739 817 982 857 Habendas
1016 823 1058 857 et
1093 818 1305 858 tenendas
1338 819 1607 870 praedictam
1640 832 1823 858 vacuam
1856 818 2043 871 placiam

316 898 359 932 et
382 897 522 932 totam
552 897 710 931 terram
741 891 1022 943 praedictam,
1046 904 1145 931 cum
1169 892 1372 932 omnibus
1395 892 1667 944 pertinentiis
1697 892 1795 941 suis,
1819 892 2043 944 praedicto

315 965 506 1018 Johanni
539 965 716 1013 Samon,
747 964 978 1005 heredibus
1012 971 1054 1005 et
1087 966 1318 1018 assignatis
1351 966 1449 1015 suis,
1479 967 1533 1006 de
1562 965 1822 1019 capitalibus
1854 965 2043 1006 dominis

316 1040 431 1080 feodi
455 1039 567 1078 illius
597 1052 673 1091 per
701 1039 876 1079 servitia
904 1039 1006 1079 inde
1028 1039 1177 1080 debita
1205 1046 1248 1080 et
1271 1040 1325 1080 de
1351 1040 1446 1092 jure
1475 1047 1694 1089 consueta,
1719 1039 1861 1089 libere,
1885 1039 2041 1093 quiete,

316 1114 428 1154 bene
460 1119 502 1153 et
535 1113 576 1152 in
610 1126 726 1165 pace,
761 1113 1094 1165 imperpetuum.
1160 1114 1217 1154 Et
1247 1127 1330 1166 ego
1358 1128 1460 1154 vero
1489 1115 1737 1167 praedictus
1769 1114 1978 1167 RogeruS,
2001 1120 2044 1154 et

317 1188 497 1228 heredes
547 1187 642 1236 mei,
685 1187 954 1239 praedictam
1005 1201 1187 1227 vacuam
1235 1188 1443 1240 placeam,
1486 1195 1529 1229 et
1581 1195 1720 1229 totam
1773 1188 2042 1241 praedictam

316 1268 487 1311 terram,
530 1275 628 1301 cum
671 1261 874 1301 omnibus
918 1262 1189 1314 pertinentiis
1227 1262 1324 1311 suis,
1363 1263 1588 1315 praedicto
1629 1263 1820 1316 Johanni
1865 1262 2042 1311 Samon,

316 1335 548 1375 heredibus
581 1341 623 1375 et
656 1335 888 1387 assignatis
921 1335 1018 1383 suis,
1043 1342 1089 1375 ut
1119 1336 1391 1387 praedictum
1422 1343 1497 1386 est,
1528 1343 1680 1377 contra
1707 1350 1860 1377 omnes
1890 1342 2043 1389 gentes

317 1409 707 1458 warantizabimus,
750 1409 1107 1461 acquietabimus
1150 1416 1192 1450 et
1240 1409 1537 1460 defendemus,
1580 1411 1912 1464 imperpetuum.
1992 1410 2041 1449 In

316 1483 438 1535 cujus
471 1483 528 1522 rei
562 1483 862 1523 testimonium
896 1482 994 1522 huic
1028 1484 1243 1535 praesenti
1274 1491 1419 1524 cartae
1448 1484 1638 1537 sigillum
1670 1499 1815 1524 meum
1847 1485 2039 1537 apposui.

320 1558 418 1597 Hiis
460 1557 664 1597 testibus:
716 1557 864 1596 Alano
905 1558 960 1597 de
1004 1558 1151 1609 Eyton
1195 1564 1237 1598 et
1281 1558 1503 1598 willelmo
1546 1559 1600 1598 (10
1642 1559 1897 1611 Wyverton,
1939 1564 2043 1598 tunc

318 1631 494 1671 Ballivis
537 1631 663 1671 villae
706 1631 1003 1682 Notingham’,
1050 1631 1242 1683 Hugone
1296 1633 1457 1684 Spicer,
1503 1633 1691 1673 Ricardo
1735 1633 1772 1672 le
1816 1632 2042 1686 Cu[ppe1·],

320 1706 494 1758 Rogero
527 1706 581 1745 de
620 1706 890 1758 Hoppewcll,
929 1705 1123 1745 Roberto
1158 1706 1212 1745 de
1251 1706 1498 1759 Brunneby,
1534 1707 1708 1746 Thoma
1741 1707 1796 1746 de
1831 1707 2042 1755 Morwod,

319 1779 510 1819 Radulfo
533 1779 745 1828 Torkard,
772 1778 962 1819 Radulfo
987 1779 1079 1829 Bik,
1103 1779 1268 1829 clerico,
1292 1787 1334 1821 et
1358 1781 1460 1820 aliis.
1523 1782 1688 1821 Datum
1712 1782 1828 1834 apud
1854 1782 2042 1834 Noting-

316 1855 430 1903 ham,
449 1854 518 1894 die
543 1854 725 1896 Sabbati
749 1854 954 1906 proximo
977 1860 1078 1894 ante
1095 1854 1210 1894 diem
1232 1854 1511 1894 Dominicam
1536 1855 1577 1894 in
1604 1855 1755 1895 Ramis
1781 1855 2041 1905 Palmarum,

317 1944 433 1971 anno
465 1929 585 1982 regni
621 1929 754 1981 Regis
787 1929 990 1969 Edwardi
1021 1929 1157 1969 Tertii
1187 1935 1285 1981 post
1317 1930 1618 1982 Conquestum
1649 1929 1867 1970 tricesimo
1890 1931 2042 1970 sexto.¹

319 2005 410 2044 Ista
436 2010 555 2044 carta
585 2004 769 2043 intratur
798 2010 888 2043 tam
919 2003 973 2043 ad
1005 2003 1258 2044 instantiam
1293 2003 1464 2055 Rogeri,
1490 2003 1561 2042 filii
1591 2003 1805 2056 Johannis
1835 2004 1874 2044 10
1906 2005 2041 2053 Ewer,

317 2080 371 2119 de
395 2078 680 2130 Notingham,
704 2091 835 2130 quam
860 2078 1069 2130 praedicti
1092 2078 1306 2130 Johannis
1332 2079 1507 2119 Samon.
1784 2089 1900 2129 1271,
1924 2093 1979 2118 ro.
2006 2080 2039 2117 8.

424 2399 733 2440 XCV-Note
754 2399 808 2449 of
819 2399 1021 2450 Dclz‘vmy
1041 2399 1095 2449 of
1110 2398 1252 2438 Sessias
1277 2399 1325 2450 hy
1347 2399 1412 2439 the
1463 2399 1611 2453 'ailg'ffs
1634 2400 1677 2440 in
1700 2401 1946 2453 cemplz'ance

905 2473 1010 2512 with
1032 2486 1059 2512 a
1084 2473 1223 2524 Rara!
1240 2474 1461 2513 Mandata.

985 2564 1149 2613 1362-3,
1174 2563 1327 2603 March
1353 2566 1385 2603 8.

403 2669 518 2724 Quia
549 2668 773 2722 Johannes
803 2669 857 2709 de
892 2668 1187 2718 Blitheworth,
1218 2669 1272 2709 de
1309 2669 1593 2723 Notingham,
1625 2671 1666 2711 in
1699 2672 1829 2714 Curia
1860 2673 2040 2713 Domini

318 2744 463 2796 Regis,
497 2756 643 2783 coram
682 2742 855 2782 Thoma
890 2743 944 2782 de
983 2742 1170 2795 Ingelby
1205 2749 1247 2783 et
1287 2743 1449 2784 Illardo
1482 2745 1537 2784 de
1576 2745 1754 2795 Usflete,
1788 2747 2040 2799 Justitiariis

317 2817 497 2857 Domini
542 2816 675 2869 Regis
717 2816 771 2856 ad
814 2816 971 2856 assisas
1014 2816 1055 2855 in
1100 2817 1324 2858 Comitatu
1368 2818 1654 2871 Notingham’
1697 2820 1931 2872 capiendas
1973 2835 2039 2861 as—

315 2891 508 2944 signatis,
546 2891 662 2943 apud
701 2890 998 2943 Notingham’,
1036 2890 1106 2931 die
1146 2891 1267 2944 Jovis
1305 2892 1510 2944 proximo
1547 2899 1649 2933 ante
1690 2893 1848 2934 festum
1888 2895 2039 2937 Sancti

316 2965 513 3018 Gregorii
548 2965 702 3017 Papae,
735 2978 851 3004 anno
882 2964 1003 3017 regni
1037 2965 1149 3017 regis
1183 2978 1298 3005 nunc
1332 2973 1489 3006 xxxmo
1519 2967 1737 3019 septimo‚1
1771 2969 2040 3021 recuperavit

315 3039 519 3079 seisinam
548 3052 672 3078 suam
695 3039 750 3078 de
778 3052 866 3079 uno
895 3039 1119 3092 mesuagio
1149 3045 1192 3080 et
1214 3039 1383 3080 duabus
1413 3040 1589 3090 celariis,
1620 3055 1718 3081 cum
1753 3043 2037 3095 pertinentiis,

316 3113 357 3152 in
383 3111 668 3165 Notingham,
691 3125 767 3164 per
789 3112 969 3152 assisam
999 3126 1138 3154 novae
1160 3113 1413 3154 disseisinae
1443 3115 1554 3155 inter
1579 3123 1678 3155 eos2
1707 3117 1822 3169 apud
1851 3117 2038 3170 Noting-

381 3230 390 3243 1
415 3226 600 3267 Thursday,
636 3226 751 3256 March
786 3234 815 3265 9,
852 3226 979 3267 1362-3.
1029 3227 1110 3259 This
1305 3231 1318 3245 ²
1342 3229 1408 3266 2'.e.,
1428 3229 1577 3260 between
1599 3230 1687 3271 John
1710 3231 1751 3262 de
1775 3231 1955 3263 Blidworth
1973 3232 2036 3262 and

314 3287 407 3323 entry
435 3292 476 3312 on
508 3281 563 3312 the
596 3281 672 3311 Roll
701 3291 765 3311 was
792 3282 987 3321 apparently
1014 3281 1110 3312 made
1241 3282 1296 3313 the
1314 3283 1503 3315 defendant.

313 3334 395 3366 after
412 3335 468 3366 the
485 3335 560 3366 date
578 3335 614 3365 os
634 3335 689 3365 the
708 3335 794 3367 Roll.
