2198 3845
350 419 428 459 130
608 419 826 450 RECORDS
859 418 918 450 OF
951 418 1051 448 THE
1084 417 1318 449 BonoucH
1351 416 1411 448 OF
1446 415 1792 447 NOTTINGHAM.
1929 403 2061 459 [1339

344 538 399 579 de
435 538 619 591 Amyas,
656 538 886 579 heredibus
923 544 966 578 et
1007 537 1239 590 assignatis
1276 537 1374 586 suis,
1412 537 1554 586 libere,
1593 536 1748 589 quiete,
1787 536 1898 576 bene
1934 541 1977 576 et
2018 535 2060 575 in

343 625 451 665 pace
492 612 825 665 imperpetuum,
859 612 914 651 de
950 611 1209 664 capitalibus
1243 610 1432 650 dominis
1466 609 1581 650 feodi
1619 610 1742 658 illius,
1777 623 1853 662 per
1890 608 2064 649 servitia

344 685 446 726 inde
467 686 615 726 debita
636 692 679 726 et
701 691 918 725 consueta.
1777 684 1893 731 1262,
1916 695 1972 721 ro.
1998 692 2061 722 20.

610 928 1078 969 LXV-Foundatz'on
1101 927 1240 967 Deeds
1260 927 1314 978 of
1326 926 1392 966 tlze
1413 927 1580 977 Amyas
1605 925 1802 976 Cllantry.

1030 1027 1146 1067 1339,
1171 1016 1294 1068 April
1322 1026 1383 1066 27.

432 1124 677 1166 I.—Sciant
707 1131 957 1177 praesentes
986 1130 1029 1163 et
1052 1121 1181 1163 futuri
1205 1122 1321 1175 quod
1353 1135 1434 1174 ego
1458 1122 1704 1162 XVillelmus
1726 1122 1781 1161 de
1804 1121 1987 1174 Amyas,
2011 1120 2066 1160 de

344 1198 629 1250 Notingham‚
667 1198 778 1247 dedi,
816 1197 1019 1245 concessi,
1057 1203 1099 1236 et
1141 1196 1221 1236 hac
1258 1196 1474 1248 praesenti
1512 1201 1631 1235 carta
1667 1208 1765 1234 mea
1800 1192 2065 1241 confirmavi,

344 1272 553 1313 Gervasio
593 1272 648 1311 de
691 1271 876 1319 Barton'‚
913 1269 1151 1322 capellano,
1188 1270 1336 1309 divina
1377 1269 1557 1322 singulis
1593 1268 1746 1309 diebus
1789 1268 1830 1308 in
1870 1267 2067 1308 Ecclesia

344 1346 506 1385 Beatae
544 1345 712 1385 Mariae
750 1344 1104 1396 Notinghamiac‚
1140 1357 1218 1396 pro
1255 1344 1401 1383 anima
1436 1357 1533 1383 mea
1566 1349 1609 1383 et
1639 1343 1786 1383 anima
1820 1343 2066 1395 Margeriae

343 1419 492 1459 uxoris
527 1432 650 1459 meae
683 1432 732 1458 ac
766 1418 980 1471 Johannis
1015 1416 1087 1456 filii
1124 1417 1218 1465 mei,
1249 1424 1292 1457 et
1326 1417 1554 1457 animabus
1589 1423 1762 1470 patrum
1796 1423 1840 1457 et
1876 1422 2065 1457 matrum

343 1499 601 1542 nostrorum,
636 1499 679 1533 et
716 1492 948 1532 liberorum
986 1498 1246 1540 nostrorum,
1284 1505 1332 1531 ac
1370 1491 1566 1531 omnium
1604 1497 1928 1530 antecessorum
1967 1503 2065 1530 nos-

343 1574 520 1615 trorum,
550 1572 592 1606 et
624 1565 820 1605 omnium
855 1565 1046 1605 fidelium
1080 1564 1396 1613 defunctorum,
1427 1564 1706 1613 celebraturo,
1730 1565 1923 1616 quinque
1955 1577 2067 1604 mar-

343 1648 463 1681 catas
492 1647 535 1680 et
564 1639 788 1679 sexdecim
819 1639 1050 1678 denaratas
1081 1638 1212 1678 annui
1243 1638 1464 1686 redditus,
1497 1637 1733 1685 habendas,
1766 1636 1994 1685 tenendas,
2025 1643 2068 1676 et

344 1714 590 1766 capiendas,
628 1713 769 1752 eidem
805 1712 1024 1760 Gervasio,
1063 1718 1105 1752 et
1142 1710 1462 1751 successoribus
1499 1711 1596 1759 suis,
1634 1710 1881 1762 capellanis,
1920 1710 2068 1749 divina

344 1787 525 1839 singulis
562 1786 714 1826 diebus
751 1786 793 1825 in
831 1786 984 1825 eadem
1023 1785 1204 1825 ecclesia
1244 1798 1323 1837 pro
1365 1784 1594 1824 animabus
1636 1784 1868 1836 praedictis
1910 1784 2068 1836 imper-

345 1868 526 1914 petuum
569 1858 874 1908 celebraturis;
921 1859 1132 1908 videlicet,
1170 1860 1224 1899 de
1268 1858 1340 1897 illo
1377 1863 1629 1898 tenemento
1665 1857 1783 1909 quod
1822 1856 2068 1896 &Villelmus

345 1935 400 1974 de
432 1933 580 1974 Holm’
604 1939 723 1973 tenet
753 1932 794 1972 in
825 1932 937 1972 Vico
971 1932 1309 1972 Lorimeriorum
1344 1930 1698 1983 Notinghamiae‚
1721 1936 1764 1970 et
1793 1930 1909 1982 jacet
1937 1929 2069 1982 juxta

346 2013 646 2048 tenementum
679 2006 903 2058 quondam
937 2005 1067 2045 Adae
1100 2005 1245 2045 Botild
1278 2018 1335 2044 ex
1368 2011 1491 2057 parte
1523 2004 1710 2052 australi,
1741 2004 1857 2056 quod
1891 2004 2068 2056 quidem

347 2087 647 2121 tenementum
690 2079 914 2131 quondam
957 2078 1037 2119 fuit
1080 2078 1289 2118 willelmi
1340 2078 1633 2130 Godynough,
1682 2078 1862 2130 triginta
1905 2076 2069 2116 solidos

348 2153 542 2206 argenti;
580 2159 623 2192 et
656 2153 710 2192 de
747 2158 1000 2192 tenemento
1030 2153 1253 2204 quondam
1287 2151 1500 2204 Johannis
1536 2151 1574 2190 le
1612 2151 1772 2204 Spicer,
1804 2157 1846 2191 et
1876 2150 1993 2204 jacet
2027 2150 2069 2190 in

348 2228 503 2268 eodem
526 2227 621 2267 vico
647 2226 778 2278 juxta
799 2232 1100 2266 tenementum
1131 2225 1402 2278 praedictum
1426 2225 1649 2277 quondam
1679 2223 1888 2263 willelmi
1919 2223 2070 2276 Gody-

348 2301 497 2354 nough
538 2300 748 2353 praedicti
797 2313 853 2339 ex
902 2306 1025 2352 parte
1073 2299 1261 2348 australi,
1303 2305 1403 2338 octo
1445 2298 1607 2338 solidos
1656 2297 1835 2350 argenti,
1883 2303 2072 2349 quatuor

349 2375 532 2428 gallinas
565 2380 608 2414 et
640 2386 774 2413 unum
807 2373 999 2426 gallum;
1037 2380 1079 2414 et
1111 2374 1166 2414 de
1199 2373 1402 2413 omnibus
1436 2373 1698 2413 tenementis
1730 2371 1857 2412 simul
1887 2371 2070 2424 jacenti-

349 2448 429 2488 bus
466 2449 507 2487 in
545 2448 658 2487 Foro
693 2448 927 2489 Cotidiano
961 2448 1003 2487 in
1038 2448 1191 2487 eadem
1227 2447 1338 2495 villa,
1369 2447 1479 2486 inter
1512 2452 1811 2486 tenementum
1845 2445 2069 2498 quondam

352 2521 576 2562 Laurentii
618 2521 656 2561 le
695 2521 802 2561 Bere
843 2535 899 2561 ex
942 2528 1065 2573 parte
1107 2520 1316 2568 orientali,
1355 2527 1397 2560 et
1434 2519 1598 2559 Aulam
1643 2519 1906 2559 Placitorum
1943 2517 2071 2558 villae

352 2595 697 2647 Notinghamiae
725 2608 782 2634 ex
812 2601 935 2647 parte
964 2594 1233 2642 occidentali,
1257 2593 1410 2646 viginti
1440 2592 1628 2641 solidos;
1661 2599 1704 2632 et
1732 2592 1787 2632 de
1816 2596 2072 2632 tenemento

348 2670 523 2722 jacente
556 2668 597 2707 in
631 2668 786 2707 eodem
821 2668 934 2707 Foro
968 2668 1212 2715 Cotidiano,
1236 2667 1348 2706 inter
1376 2672 1676 2706 tenementum
1706 2665 1915 2706 willelmi
1940 2666 2071 2706 Brian

352 2755 409 2782 ex
446 2747 569 2794 parte
610 2740 773 2789 boriali,
811 2747 854 2781 et
895 2747 1195 2780 tenementum
1233 2740 1457 2792 quondam
1497 2739 1712 2793 Johannis
1756 2739 1973 2793 Flemyng
2014 2755 2071 2782 ex

352 2822 476 2868 parte
509 2814 696 2863 australi,
729 2820 771 2854 et
803 2814 857 2854 de
889 2815 1079 2866 quadam
1117 2814 1237 2853 selda
1269 2827 1382 2866 quae
1413 2819 1592 2853 vocatur
1629 2813 1689 2852 ‘le
1723 2813 1996 2865 Lyerbothe'
2029 2815 2071 2855 in

353 2888 508 2928 eodem
544 2887 667 2936 Foro,
697 2888 848 2927 decem
879 2887 1066 2927 solidos:
1101 2887 1273 2936 scilicet,
1304 2888 1357 2927 ad
1391 2886 1549 2927 festum
1581 2887 1852 2927 Inventionis
1883 2888 2073 2929 Sanctae

355 2961 504 3003 Crucis
539 2961 718 3013 triginta
751 2967 794 3000 et
827 2967 1014 3013 quatuor
1050 2960 1224 3009 solidos,
1258 2966 1301 3000 et
1335 2960 1389 3000 ad
1424 2959 1582 3000 festum
1622 2960 1773 3001 Sancti
1812 2961 1991 3001 Martini
2029 2962 2071 3001 in

353 3034 495 3074 Yeme
535 3034 714 3086 triginta
754 3040 797 3074 et
838 3040 1025 3086 quatuor
1065 3033 1238 3083 solidos,
1281 3040 1324 3074 et
1365 3034 1420 3073 ad
1462 3033 1620 3073 festum
1671 3033 1842 3074 Natalis
1892 3034 2072 3074 Domini

355 3113 542 3160 quatuor
574 3107 758 3160 gallinas
792 3113 835 3148 et
869 3121 1003 3147 unum
1038 3107 1213 3159 gallum.
1277 3107 1483 3148 Concessi
1518 3107 1650 3147 etiam
1685 3108 1827 3147 eidem
1863 3107 2073 3149 Gervasio

355 3187 398 3221 et
430 3180 654 3220 willelmo
687 3181 742 3220 de
779 3180 993 3229 Holbeck,
1027 3180 1273 3232 capellanis,
1305 3186 1346 3220 et
1381 3193 1530 3220 eorum
1565 3180 1896 3230 successoribus,
1930 3180 2072 3233 capel-

354 3253 474 3302 lanis,
507 3259 694 3305 quatuor
727 3253 934 3294 solidatas
969 3260 1012 3294 et
1045 3267 1124 3293 sex
1154 3254 1407 3294 denarratas
1442 3254 1574 3294 annui
1609 3254 1803 3294 redditus
1837 3254 2073 3306 capiendas

355 3328 410 3367 de
441 3333 693 3368 tenemento
723 3326 906 3368 Galfridi
941 3327 1104 3380 Stoyle,
1128 3333 1170 3367 et
1199 3327 1314 3379 jacet
1344 3327 1386 3366 in
1413 3326 1524 3367 Vico
1555 3326 1817 3368 Carnificum
1847 3326 1889 3366 in
1919 3327 2071 3366 eadem
