2198 3845
281 400 360 441 252
544 403 761 436 RECORDS
793 405 853 436 OF
886 406 985 437 THE
1018 405 1252 438 BOROUGH
1285 405 1345 437 OF
1380 406 1725 438 NOTTINGHAM.
1859 395 1986 450 [1393

280 520 502 563 Willelmo
543 524 597 564 de
641 525 819 565 Farwell
861 533 903 567 et
948 527 1139 579 Hugone
1180 528 1234 567 de
1287 527 1515 580 Lyndeby,
1558 527 1733 568 Ballivis
1783 527 1990 580 ejusdem,

281 594 502 637 Willelmo
538 598 722 651 Cupper,
757 599 978 640 Willelmo
1015 601 1195 649 Leeche,
1228 601 1420 653 Hugone
1453 601 1507 641 de
1543 599 1756 647 Shelford,
1790 600 1991 653 Johanne

282 668 420 718 Clerk‚
444 677 486 711 et
509 671 610 711 aliis.
666 672 829 712 Datum
855 674 970 726 apud
996 674 1295 727 Notyngharn,
1319 675 1388 715 die
1412 675 1563 717 Sabati
1587 675 1628 714 in
1651 674 1798 727 vigilia
1820 674 1991 715 Natalis

282 742 472 792 Domini,
496 758 611 784 anno
634 746 752 798 regni
784 747 918 799 Regis
944 747 1118 787 Ricardi
1151 748 1339 790 Secundi
1371 754 1469 800 post
1494 748 1793 800 Conquesturn
1817 754 1990 801 quarto-

279 816 472 857 decimo.'
536 819 584 858 In
628 832 714 872 qua
754 821 930 873 quidem
974 821 1104 862 Curia
1145 822 1391 874 praedictus
1443 822 1639 874 Rogerus
1683 822 1875 871 Masson,
1917 835 1992 875 per

280 890 547 931 Willelrnurn
583 893 757 945 Cupper
793 900 1061 952 attornatum
1100 909 1237 943 suum,
1271 895 1613 935 irrotulationem
1647 895 1748 935 facti
1783 895 1991 948 praedicti

281 965 500 1004 concessit.
1707 980 1820 1018 1291,
1845 983 1899 1009 ro.
1925 969 1990 1019 7d.

280 1270 522 1312 CXXXVI
532 1272 662 1312 Ι.-Α
670 1274 776 1314 clion
788 1275 870 1326 for
884 1275 1101 1327 Paim‘itlg
1113 1289 1139 1314 a
1155 1275 1254 1315 Bell
1271 1275 1493 1328 belonging
1506 1282 1544 1315 to
1569 1276 1611 1316 S.
1629 1276 1797 1328 fllaay's
1817 1276 1852 1318 C
1850 1276 1905 1315 lm
1912 1276 1991 1315 rclz.

950 1376 1064 1416 1393,
1089 1365 1328 1418 [October]

364 1463 588 1515 Johanncs
634 1466 862 1518 Peyntour,
900 1468 954 1506 de
997 1467 1296 1519 Notyngham,
1334 1481 1527 1520 querens]
1566 1468 1724 1520 optulit
1765 1481 1810 1507 se
1847 1481 1993 1507 versus

283 1536 523 1577 Robertum
556 1539 610 1578 de
642 1539 806 1591 Ayton,
839 1541 893 1580 de
926 1540 1210 1593 Noffingham,
1243 1541 1444 1593 skynner,
1478 1541 1519 1580 in
1553 1541 1713 1594 placito
1745 1541 1890 1590 debiti,
1920 1541 1992 1594 qui

280 1610 438 1662 pluries
460 1610 560 1652 fecit
583 1612 812 1661 defectum,
836 1620 878 1654 et
902 1615 1033 1654 modo
1055 1615 1172 1654 venit
1195 1614 1335 1654 dictus
1363 1614 1596 1666 Johanms,
1621 1628 1695 1667 per
1723 1621 1992 1655 attornatum

280 1698 405 1725 suurn
434 1685 681 1737 Johanncm
712 1688 766 1727 de
797 1688 1045 1740 Braydsale,
1069 1695 1110 1728 et
1133 1688 1237 1728 dicit
1260 1688 1376 1740 quod
1408 1688 1521 1728 idem
1557 1688 1773 1728 Robertus
1803 1688 1839 1728 ei
1863 1687 1994 1728 debet

281 1758 341 1811 ijs.
381 1758 595 1812 [arge]nti,
631 1774 739 1813 quos
777 1761 891 1801 idem
934 1761 1149 1801 Robertus
1187 1761 1384 1802 solvisset
1421 1775 1499 1814 pro
1536 1762 1703 1814 pictura
1740 1761 1865 1801 unius
1903 1761 1994 1801 bell‘

280 1832 473 1872 crucifixi
496 1847 625 1887 super
651 1848 872 1875 cornerarn
900 1835 1120 1876 Ecclesiae
1150 1836 1311 1875 Beatae
1342 1836 1507 1876 Mariae
1530 1836 1656 1875 villae
1683 1835 1994 1888 Notyngham’,

281 1906 426 1960 [quos]
468 1908 607 1948 dictos
649 1909 849 1949 denarios
891 1909 1005 1949 idem
1052 1908 1268 1949 Robertus
1310 1909 1427 1949 dicto
1467 1908 1656 1961 Johanni
1700 1909 1898 1948 solvisset
1940 1908 1994 1948 ad

281 1979 438 2021 festum
494 1981 746 2022 Nativitatis
800 1983 948 2025 Sancti
997 1982 1210 2035 Johannis
1262 1983 1495 2035 Baptistae,
1539 1996 1653 2023 anno
1699 1982 1818 2035 regni
1864 1982 1996 2035 Regis

285 2054 459 2095 Ricardi
498 2056 687 2097 Secundi
731 2056 838 2109 xij,
876 2063 918 2097 et
956 2056 1073 2109 [licet
1115 2055 1305 2109 sae]pius
1348 2057 1462 2096 idem
1508 2056 1724 2097 Robertus
1767 2055 1996 2109 requisitus

283 2127 432 2168 fuisset
466 2143 541 2182 per
575 2130 843 2182 praedictum
878 2130 1137 2182 Johannem,
1173 2130 1287 2170 idem
1328 2130 1545 2170 Robertus
1582 2130 1618 2170 ei
1657 2130 1822 2170 solvere
1857 2129 1996 2169 dictos

282 2203 482 2243 denarios
523 2203 801 2252 contradixit,
839 2211 880 2244 et
922 2203 1101 2257 ad[huc]
1145 2203 1412 2252 contradicit,
1456 2204 1509 2243 ad
1552 2204 1745 2256 dampna
1788 2202 1995 2255 praedicti

281 2276 494 2329 Johannis
518 2277 634 2330 xijd.,
658 2278 758 2318 inde
782 2278 992 2330 producit,
1016 2284 1092 2317 etc.
1159 2278 1215 2317 Et
1238 2277 1483 2330 praedictus
1516 2277 1732 2318 Robertus
1759 2277 1801 2316 in
1825 2275 1999 2328 propria

283 2363 468 2402 persona
503 2364 581 2390 sua
617 2351 745 2399 venit,
776 2351 837 2404 [et
873 2351 1068 2391 defendit
1104 2351 1210 2404 vim]
1241 2358 1284 2391 et
1316 2351 1527 2403 injuriam,
1558 2357 1646 2399 etc.‚
1671 2357 1713 2391 et
1742 2350 1847 2390 dicit
1875 2349 1994 2402 quod

284 2423 414 2462 nichil
443 2423 479 2463 ei
509 2424 640 2464 debet
668 2430 796 2476 prout
825 2424 916 2477 ipse
948 2424 1143 2477 superius
1175 2438 1322 2464 versus
1355 2438 1452 2464 eum
1487 2425 1684 2473 narravit,
1709 2431 1751 2464 et
1780 2423 1862 2463 hoc
1890 2422 2000 2475 petit

285 2496 402 2548 quod
432 2495 711 2548 [inquiratur;
744 2503 786 2537 et
815 2497 941 2550 alius]
971 2497 1176 2537 similiter.
1242 2498 1348 2537 Ideo
1380 2504 1660 2550 praeceptum
1694 2504 1769 2546 est,
1800 2504 1876 2537 etc.
1941 2496 1999 2536 Et

287 2569 419 2608 modo
438 2568 650 2621 juratores
674 2569 784 2609 inter
806 2583 879 2609 eos
903 2583 988 2609 non
1012 2570 1210 2610 veniunt:
1243 2570 1341 2610 ideo
1364 2571 1540 2623 ponitur
1569 2571 1610 2610 in
1641 2577 1838 2624 respectu
1862 2583 1999 2622 usque

287 2642 340 2681 ad
364 2642 610 2693 proximam
636 2642 849 2694 [Curiam]
874 2656 950 2693 pro
973 2642 1142 2682 defectu
1164 2643 1416 2695 juratorum.
1714 2656 1828 2694 1292,
1853 2657 1907 2683 ro.
1939 2643 1998 2683 Id.

292 3050 660 3092 CXXXV111.—
675 3049 714 3091 V
710 3051 900 3091 alnatz'otz
918 3051 971 3102 os
987 3051 1123 3091 Goods
1138 3051 1192 3102 of
1202 3065 1228 3090 a
1246 3050 1374 3090 Felcm
1393 3050 1485 3090 wlco
1501 3051 1593 3091 lead
1609 3052 1732 3092 taken
1753 3052 2004 3100 Sanctuary.

942 3151 1057 3190 1393,
1082 3140 1275 3180 October
1299 3150 1360 3188 29.

380 3238 659 3293 Appretiatio
710 3241 922 3280 bonorum
976 3249 1017 3280 et
1069 3241 1324 3281 catallorum
1381 3241 1558 3280 Henrici
1601 3242 1655 3280 de
1706 3241 1913 3294 Whitley,
1954 3243 2008 3282 de

295 3313 593 3364 Notyngham‚
617 3312 727 3352 bene
749 3319 791 3352 et
815 3311 997 3352 fideliter
1020 3314 1374 3365 appretiatorum,
1397 3314 1466 3353 die
1498 3314 1648 3353 Lunae
1679 3315 1881 3366 proxima
1910 3321 2009 3366 post
