2198 3845
297 408 377 447 282
565 418 784 451 RECORDS
817 419 878 451 oF
910 419 1010 450 THE
1043 419 1277 451 nonomen
1311 419 1371 450 or
1405 419 1752 451 NOTTINGHAM.
1888 409 2014 462 [1395

295 539 519 591 praedicto
556 547 809 582 tenemento
851 541 983 581 modo
1023 541 1247 594 Johannes
1287 541 1448 590 Scotte,
1487 539 1650 590 fischer,
1687 546 1845 580 manet.
1910 540 2018 580 Ideo

296 612 548 666 inquiratur,
572 621 648 655 etc.

384 687 508 737 Item,
539 695 820 740 praesentant
854 689 971 742 quod
1013 689 1148 742 Hugo
1182 689 1236 729 de
1270 688 1656 742 Wymondeslawe
1689 689 1865 729 obturat
1899 702 2017 729 com-

296 774 427 801 mune
458 761 613 802 solium
648 770 749 803 ante
781 762 972 803 hostium
1007 762 1265 804 Communis
1298 762 1441 802 Aulae
1476 762 1601 802 villae
1633 762 1882 815 praedictae
1919 775 2017 802 cum

296 834 399 876 fimo
436 843 478 876 et
510 836 724 877 cineribus
761 843 803 877 et
840 850 938 877 cum
972 837 1186 889 quadam1
1226 836 1377 876 arbore
1410 836 1552 888 posita
1588 849 1716 888 super
1747 836 2018 888 praedictum

295 909 462 958 solium,
487 910 540 950 ad
571 924 702 963 grave
732 918 1045 951 nocumentum
1077 911 1210 951 totius
1243 910 1570 950 communitatis
1599 909 1727 950 villae
1758 910 2018 962 praedictae,

296 989 373 1024 etc.

383 1061 507 1110 Item,
545 1061 695 1102 dicunt
728 1062 844 1114 quod
883 1062 1129 1102 XVillelmus
1167 1062 1221 1102 de
1260 1061 1526 1114 Stappulton
1566 1061 1741 1101 obturat
1779 1073 1876 1101 cum
1916 1059 2020 1100 fimo

295 1148 574 1175 communem
598 1135 712 1175 viam
736 1149 839 1188 erga
863 1136 1238 1176 Flexschamulles
1263 1136 1303 1175 in
1328 1136 1366 1176 le
1388 1134 1871 1188 XVykedaymerkeyth'
1890 1148 2019 1187 super

297 1221 431 1248 unum
462 1209 603 1248 vicum
628 1209 727 1262 qui2
756 1216 935 1250 vocatus
968 1216 1032 1250 est
1063 1209 1441 1262 Calvertonlayne,
1465 1210 1520 1250 ad
1552 1223 1683 1262 grave
1706 1215 2019 1249 nocumentum

295 1282 428 1323 totius
470 1283 798 1323 communitatis
842 1283 967 1323 villae
1008 1284 1268 1336 praedictae,
1306 1290 1349 1324 ct
1387 1284 1440 1324 ad
1478 1297 1656 1336 gravem
1694 1283 2019 1324 obturationem

296 1370 434 1409 aquae
464 1357 518 1397 de
547 1357 666 1397 Lene
692 1357 822 1410 juxta
853 1358 1249 1411 Frcrwatcrgonge,
1273 1364 1363 1407 ctc.,
1387 1358 1441 1398 ad
1472 1371 1603 1411 grave
1625 1358 1868 1410 dampnum
1891 1357 2020 1398 villae

297 1430 555 1482 praedictae,
579 1437 655 1470 etc.
1728 1443 1848 1482 3942,
1872 1445 1927 1472 ro.
1951 1432 2018 1483 4d.

389 1603 720 1645 CLII.——-Pleas
742 1604 929 1657 relaling
947 1611 985 1644 ἵε)
1008 1604 1073 1644 [lle
1095 1605 1335 1657 Fisll-leaps
1358 1604 1400 1644 ile
1425 1604 1490 1644 {lle
1517 1604 1714 1646 Common
1749 1604 1804 1645 W
1801 1611 1923 1645 aters.

937 1704 1052 1746 1395,
1078 1695 1330 1734 November
1354 1705 1385 1745 3.

384 1799 596 1839 Ricardus
632 1799 810 1849 Palincr,
834 1800 888 1840 de
919 1800 1220 1853 Notyngham,
1246 1800 1422 1852 fysshcr,
1446 1800 1639 1853 queritur
1662 1801 1715 1840 cle
1746 1800 1944 1841 Galfrido
1967 1801 2021 1841 de

298 1872 505 1922 Skelton’,
536 1874 590 1913 de
619 1874 785 1922 cadem,
813 1874 867 1913 de
896 1874 1058 1926 placito
1087 1874 1454 1926 transgressionis,
1484 1874 1539 1914 de
1568 1887 1619 1913 eo
1649 1875 1766 1927 quod
1801 1874 1872 1914 ubi
1904 1875 2020 1915 idem

298 1946 511 1987 Ricardus
543 1947 584 1986 in
619 1947 924 1987 communibus
957 1948 1080 2000 aquis
1109 1947 1236 1987 villae
1267 1947 1626 2001 Notynghamiae
1655 1948 1808 1988 habuit
1829 1948 1891 1987 les
1918 1949 2024 2001 lepes

295 2021 504 2073 praedicti
532 2021 707 2061 Ricardi
734 2021 930 2073 jacentes
960 2035 1038 2074 pro
1068 2022 1255 2074 pissibus
1285 2022 1520 2074 capiendis,
1544 2023 1659 2062 idem
1694 2022 1927 2071 Galfridus‚
1951 2023 2022 2063 die

294 2095 415 2147 Jovis
452 2096 656 2148 proxima
693 2102 794 2135 ante
832 2095 991 2135 festum
1029 2095 1347 2148 Apostolorum
1388 2096 1596 2148 Symonis
1633 2103 1675 2137 et
1715 2097 1867 2149 Judae,
1906 2110 2022 2137 anno

296 2169 415 2222 regni
439 2169 550 2221 regis
573 2183 687 2209 nunc
711 2168 836 2218 xix.,3
858 2169 1016 2222 dict[os
1033 2169 1166 2222 [φῂς
1187 2183 1356 2209 sursum
1381 2171 1505 2223 cepit,
1529 2177 1572 2210 et
1595 2171 1712 2223 ipsos
1736 2171 1776 2210 in
1801 2170 1894 2210 aliis
1918 2170 2022 2210 locis

295 2242 479 2282 removit
501 2249 544 2283 et
566 2241 703 2295 fregit,
728 2243 843 2283 unde
866 2243 1153 2283 deterioratus
1176 2250 1242 2284 est
1264 2250 1307 2284 et
1329 2245 1524 2297 dampna
1545 2244 1678 2284 habet
1707 2244 1763 2284 ad
1785 2244 2021 2285 valentiam

296 2316 387 2365 xis„
420 2316 521 2356 inde
553 2317 753 2369 producit
785 2323 961 2365 sectam,
995 2324 1072 2358 etc.
1143 2318 1200 2358 Et
1233 2319 1480 2371 praedictus
1519 2318 1740 2359 Galfridus
1773 2319 1814 2358 in
1848 2319 2024 2372 propria

294 2404 480 2443 persona
516 2404 594 2430 sua
627 2391 755 2438 venit,
790 2397 833 2431 ct
870 2391 1066 2431 defendit
1100 2392 1187 2431 vim
1226 2399 1268 2432 ct
1305 2392 1518 2444 injuriam,
1554 2399 1644 2441 etc„
1682 2398 1725 2432 et
1761 2392 1866 2432 dicit
1903 2393 2021 2446 quod

295 2464 387 2516 ipse
421 2464 522 2504 inde
556 2464 596 2503 in
633 2463 752 2503 nullo
786 2470 851 2504 est
883 2464 1121 2517 culpabilis,
1155 2472 1197 2505 et
1230 2466 1311 2506 hoc
1344 2466 1468 2519 ponit
1500 2479 1545 2506 sc
1577 2479 1706 2518 super
1737 2466 1945 2519 patriam,
1980 2473 2023 2507 et

296 2537 404 2578 alius
426 2538 631 2578 similiter.
697 2538 803 2578 Ideo
826 2546 1108 2592 praeceptum
1133 2546 1208 2588 cst,
1233 2547 1310 2580 ctc.

385 2612 509 2652 Idem
545 2611 765 2653 Galfridus
800 2613 993 2665 queritur
1026 2614 1081 2653 de
1114 2614 1232 2654 dicto
1270 2614 1460 2654 Ricardo
1494 2615 1548 2654 de
1585 2614 1746 2667 placito
1783 2621 2022 2668 transgres-

296 2684 428 2725 sionis
457 2685 511 2725 de
545 2699 596 2725 eo
629 2685 670 2724 in
704 2686 927 2738 praedicta
955 2687 1141 2739 querela,
1171 2688 1288 2740 quod
1322 2688 1437 2728 idem
1474 2688 1698 2737 Ricardus,
1729 2688 1798 2728 die
1830 2695 1872 2729 et
1907 2702 2023 2728 anno

297 2759 611 2811 suprascriptis,
635 2760 818 2800 removit
839 2760 898 2799 les
917 2760 1053 2813 [cepas
1083 2762 1294 2814 praedicti
1328 2761 1523 2811 Galsridi,
1553 2769 1596 2802 et
1629 2776 1701 2802 eos
1725 2762 1863 2815 fregit,
1894 2770 2023 2816 prout

297 2831 388 2884 ipse
411 2833 605 2885 superius
629 2847 775 2874 versus
798 2847 897 2874 eum
928 2835 1128 2883 narravit,
1152 2836 1207 2875 ad
1231 2835 1425 2888 dampna
1454 2849 1531 2876 sua
1561 2836 1662 2885 xld„
1693 2837 1794 2876 inde
1820 2837 2022 2889 producit

297 2911 472 2954 sectam,
506 2912 582 2946 etc.
653 2907 710 2947 Et
742 2908 990 2960 praedictus
1030 2908 1243 2948 Ricardus
1276 2909 1317 2948 in
1354 2909 1528 2962 propria
1565 2923 1751 2962 persona
1784 2924 1862 2951 sua
1893 2911 2022 2961 venit,

298 2984 340 3018 et
376 2978 571 3019 defendit
606 2980 691 3020 vim
730 2987 772 3021 et
810 2981 1023 3033 injuriam,
1058 2989 1148 3031 etc.,
1183 2990 1226 3022 et
1263 2983 1368 3022 dicit
1404 2983 1521 3035 quod
1560 2983 1652 3036 ipse
1689 2985 1790 3025 inde
1826 2985 1868 3024 in
1903 2985 2023 3025 nullo

297 3058 362 3092 est
384 3052 621 3105 culpabilis,
645 3060 687 3094 et
709 3054 790 3094 hoc
814 3055 937 3107 ponit
963 3069 1008 3095 se
1037 3069 1166 3108 super
1194 3056 1403 3108 patriam;
1436 3063 1479 3097 et
1508 3056 1616 3097 alius
1645 3058 1850 3099 similiter.
1915 3059 2024 3099 Ideo

299 3131 580 3178 praeceptum
604 3133 680 3175 est,
703 3133 781 3167 etc.
1734 3142 1850 3183 1295,
1874 3147 1929 3173 ro.
1957 3133 2021 3183 3d.

367 3250 374 3263 ¹
399 3246 570 3288 quadam‚]
591 3249 598 3262 ‘
610 3247 778 3288 quodam‚’
795 3249 867 3280 MS.
1226 3249 1284 3281 has
1300 3250 1383 3282 been
1400 3251 1477 3282 here
1494 3252 1601 3283 added
1619 3252 1651 3284 in
1668 3263 1686 3284 a
1698 3253 1848 3285 different
1866 3254 2019 3285 coloured

363 3305 374 3318 ²
397 3302 483 3342 quz'‚]
502 3301 630 3343 ‘quod,'
644 3303 716 3333 MS.
744 3303 912 3334 Theword
931 3304 1094 3335 ‘stillant.'
1226 3306 1293 3338 ink.

1282 3363 1294 3381 3
1318 3359 1500 3401 Thursday,
1526 3361 1672 3393 October
1695 3370 1747 3400 21,
1778 3368 1868 3402 1395.
