2198 3845
354 390 429 429 128
618 400 837 432 REcoRDs
869 400 929 431 or
962 399 1062 430 THE
1095 398 1329 430 BOROUGH
1362 397 1422 428 OF
1457 396 1803 428 NOTTINGHAM.
1939 385 2069 440 [1336

350 520 635 575 Notingham,
659 522 701 562 in
731 522 769 562 10
799 519 1132 569 Bailiff-croftes,
1162 519 1356 559 clausum
1387 518 1520 571 ipsius
1549 517 1758 558 Willelmi
1788 516 2067 565 intraverunt,

349 601 391 635 et
432 595 611 636 herbam
655 610 778 636 suam
815 596 975 635 ibidem
1014 600 1280 634 crescentem
1318 592 1692 639 conculcaverunt,
1723 591 1991 631 falcaverunt
2027 596 2070 630 et

349 676 691 722 asportaverunt,
725 676 767 709 et
799 669 1021 722 quandam
1052 668 1155 719 style
1186 680 1317 719 quam
1351 666 1466 706 idem
1499 665 1745 705 VVillelmus
1778 664 1939 704 ibidem
1970 662 2070 704 fecit

349 742 567 796 fregerunt
605 750 647 784 et
684 749 1026 796 asportaverunt,
1064 748 1107 782 et
1144 741 1228 781 alia
1264 740 1458 780 enormia
1493 739 1531 779 ei
1569 738 1816 787 intulerunt,
1850 739 1904 778 ad
1939 750 2070 790 grave

348 818 589 870 dampnum
620 817 753 869 ipsius
779 816 987 857 willelmi
1010 817 1161 856 decem
1189 814 1437 862 solidorum,
1460 819 1502 852 et
1532 819 1683 852 contra
1711 825 1874 864 pacem,
1898 817 1941 852 et
1970 811 2070 851 inde

348 891 548 944 producit
582 897 756 931 sectam.
822 890 879 930 Et
910 889 1118 942 praedicti
1157 887 1371 928 Radulfus
1406 893 1448 927 et
1485 887 1644 926 Emma
1678 891 1899 934 venerunt,
1922 891 1965 925 et
1995 885 2068 925 de-

349 964 531 1004 fendunt
579 964 678 1013 vim,
720 970 809 1012 etc,
852 964 1040 1016 quando,
1083 969 1172 1011 ete,
1215 968 1257 1001 et
1299 961 1450 1000 dicunt
1498 960 1615 1012 quod
1665 973 1752 999 non
1801 959 2070 999 intraverunt

348 1037 542 1077 clausum
586 1037 719 1089 ipsius
761 1036 981 1085 willelmi,
1020 1050 1097 1076 nec
1140 1035 1331 1088 aliquam
1374 1034 1553 1074 herbam
1597 1033 1760 1073 ibidem
1802 1039 2068 1073 crescentem

348 1111 721 1159 conculcaverunt,
752 1110 1030 1159 falcaverunt‚
1057 1124 1131 1150 seu
1162 1114 1504 1162 asportaverunt,
1534 1108 1644 1147 sicut
1673 1107 1920 1160 praedictus
1948 1106 2071 1147 Will-

349 1184 486 1224 clmus
528 1197 675 1224 versus
717 1198 790 1223 eos
832 1184 1031 1233 narravit,
1069 1190 1112 1224 ct
1148 1183 1229 1223 hoc
1267 1188 1421 1235 petunt
1458 1180 1704 1231 verifica1·e;
1746 1187 1787 1221 et
1825 1180 2071 1233 praedictus

349 1258 594 1298 willelmus
636 1257 841 1298 similiter.
926 1258 1033 1298 Ideo
1081 1263 1362 1310 pracceptum
1412 1262 1477 1296 est
1518 1255 1635 1308 quod
1685 1255 1802 1295 bona
1849 1254 2071 1307 inquisitio

349 1332 669 1372 summoniatur
706 1338 857 1372 contra
894 1332 1144 1384 proximam
1184 1331 1372 1379 Curiam,
1411 1336 1453 1370 et
1495 1336 1639 1382 partes
1681 1329 1845 1369 habent
1881 1328 2069 1368 eundem

349 1407 474 1447 diem.
540 1407 598 1446 Et
630 1407 774 1459 quoad
817 1406 898 1446 hoc
933 1407 1050 1459 quod
1089 1406 1335 1458 praedictus
1373 1404 1619 1444 willelmus
1656 1403 1760 1443 dicit
1795 1402 1912 1455 quod
1950 1415 2071 1455 prae-

349 1481 452 1521 dicti
507 1480 721 1521 Radulfus
763 1487 805 1521 et
850 1481 1010 1520 Emma
1052 1479 1317 1533 freg[issent]
1360 1479 1583 1532 quandam
1630 1477 1732 1529 style
1773 1489 1905 1530 quam
1955 1476 2070 1516 idern

349 1553 594 1594 willelmus
636 1554 805 1603 levavit,
848 1554 998 1594 dicunt
1036 1554 1153 1606 quod
1197 1553 1339 1594 levata
1381 1552 1460 1593 fuit
1502 1552 1543 1591 in
1586 1551 1807 1592 communi
1849 1550 1918 1590 via
1960 1564 2072 1603 quae

349 1628 468 1669 ducit
498 1641 574 1681 per
604 1641 749 1668 muros
782 1627 1066 1680 Notingham’
1091 1628 1202 1667 inter
1231 1626 1306 1680 [le]
1339 1626 1609 1666 Northbarre
1639 1631 1681 1665 et
1715 1624 1754 1664 10
1787 1625 2004 1673 Posterne,
2028 1624 2070 1664 in

349 1702 675 1755 perturbatione
717 1702 924 1742 transitus
967 1708 1009 1742 et
1046 1701 1290 1741 communis
1333 1707 1536 1754 pasturae
1579 1700 1771 1752 ipsorum
1816 1697 1990 1738 Radulfi
2028 1703 2071 1738 et

351 1776 536 1815 Emmac
560 1775 733 1825 ibidem,
757 1782 799 1815 et
822 1776 903 1815 hoc
927 1782 1081 1828 petunt
1104 1774 1332 1824 verificare,
1356 1781 1402 1814 ut
1432 1787 1570 1827 supra.
1755 1773 1870 1821 1262,
1895 1785 1949 1811 ro.
1980 1771 2069 1823 17d.

582 2053 1061 2093 LXIV——Eurolmcm
1081 2054 1134 2105 os
1151 2053 1293 2094 Gran!
1314 2059 1352 2092 to
1385 2052 1577 2092 William
1600 2051 1649 2091 de
1671 2051 1844 2102 Amyas.

1047 2128 1161 2178 1336,
1185 2127 1298 2179 June
1323 2127 1384 2166 26.

437 2216 509 2256 Ad
534 2216 662 2256 istam
688 2216 863 2257 Curiam
895 2223 1105 2257 venerunt
1138 2216 1356 2257 Robertus
1379 2216 1433 2255 de
1458 2215 1678 2268 Crophull,
1701 2216 1755 2255 de
1786 2214 2071 2267 Notingham,

349 2298 391 2331 et
436 2290 665 2330 Elizabeth
703 2304 815 2329 uxor
855 2290 959 2343 ejus,
1002 2297 1045 2331 et
1086 2291 1311 2339 dederunt,
1349 2295 1665 2338 concesserunt,
1707 2295 1750 2329 et
1791 2302 1866 2341 per
1907 2295 2071 2329 cartam

349 2378 474 2404 suam
510 2362 887 2413 confirmaverunt,
917 2364 1140 2404 willelmo
1172 2365 1226 2404 de
1259 2363 1442 2416 AmyaS,
1475 2364 1530 2403 de
1565 2362 1850 2415 Notingham,
1880 2362 2073 2415 quinque

350 2451 470 2478 acras
493 2443 536 2477 et
558 2437 786 2477 dimidiam
809 2443 948 2477 terrae
971 2437 1154 2487 arabilis,
1173 2451 1271 2477 curn
1296 2436 1578 2490 pertinentiis,
1599 2436 1794 2489 jacentes
1818 2437 1859 2476 in
1885 2437 2072 2490 Noting-

349 2511 479 2560 ham;
516 2524 699 2563 quarum
735 2511 848 2550 duae
884 2524 1009 2550 acrae
1046 2511 1173 2550 simul
1208 2510 1355 2563 jacent
1393 2510 1433 2549 in
1475 2510 1734 2562 Snapedale‚
1767 2510 1878 2550 inter
1913 2517 2071 2551 terram

353 2584 533 2625 Roberti
573 2585 762 2637 Ingram,
801 2585 960 2633 militis,
999 2599 1055 2624 ex
1093 2598 1180 2625 una
1216 2591 1349 2637 parte,
1384 2591 1426 2624 et
1465 2590 1623 2624 terram
1665 2584 1895 2624 Matilldae
1935 2584 2074 2626 Stoile

351 2673 407 2698 ex
441 2659 602 2707 altera;
635 2664 678 2698 et
712 2658 894 2698 dimidia
928 2672 1026 2698 acra
1060 2672 1172 2711 quae
1202 2658 1319 2710 jacet
1350 2658 1392 2697 in
1423 2657 1462 2697 le
1494 2656 1738 2706 Wodefeld,
1771 2657 1882 2698 inter
1913 2664 2071 2699 terram

350 2732 559 2785 praedicti
602 2731 810 2771 willelmi
853 2732 908 2771 de
949 2732 1121 2784 Amyas
1159 2746 1216 2772 ex
1259 2745 1345 2772 una
1387 2737 1520 2784 parte,
1562 2737 1605 2771 et
1646 2737 1804 2771 terram
1848 2732 2072 2784 quondam

351 2805 520 2845 Aliciae
562 2804 601 2844 10
651 2806 860 2845 Paumere
902 2819 959 2845 ex
1011 2806 1156 2853 altera,
1203 2812 1246 2846 et
1293 2807 1494 2846 extendit
1541 2819 1586 2845 se
1627 2819 1684 2845 ex
1727 2812 1910 2858 utraque
1950 2812 2074 2859 parte

353 2879 668 2931 Lameleygate
686 2893 694 2929 ;
726 2885 769 2919 et
798 2879 911 2919 duae
943 2893 1067 2919 acrae
1095 2879 1243 2932 jacent
1277 2880 1318 2919 in
1356 2878 1701 2932 Lyngedalefeld
1732 2879 1864 2931 juxta
1895 2880 2073 2933 Jecory-

351 2952 470 3001 hous,
508 2953 619 2992 inter
654 2959 813 2992 terram
851 2954 1060 3005 praedicti
1097 2953 1306 2993 willelmi
1343 2954 1398 2993 de
1435 2952 1606 3005 Amyas
1640 2966 1698 2992 ex
1734 2966 1821 2993 una
1859 2960 1992 3005 parte,
2030 2960 2073 2994 et

352 3033 510 3066 terram
548 3026 739 3067 Simonis
772 3026 826 3065 de
862 3027 1035 3066 Lenton
1065 3040 1121 3066 ex
1156 3026 1318 3075 altera3
1355 3032 1398 3066 et
1434 3039 1521 3065 una
1558 3039 1656 3065 acra
1688 3026 1805 3078 jacet
1839 3026 1881 3066 in
1916 3027 2070 3067 eodem

352 3112 510 3151 campo
551 3099 662 3139 inter
703 3105 861 3139 terram
900 3099 1081 3152 Malyne
1118 3100 1172 3140 de
1210 3099 1408 3152 Morleye
1444 3113 1500 3139 ex
1538 3113 1625 3139 una
1661 3106 1794 3152 parte,
1832 3106 1875 3139 et
1912 3106 2070 3140 terram

356 3172 530 3212 Ricardi
568 3173 622 3212 de
660 3173 911 3212 Morewode
943 3187 999 3212 ex
1040 3173 1185 3222 altera,
1219 3179 1261 3213 et
1298 3173 1471 3213 abuttat
1505 3173 1559 3212 ad
1597 3186 1731 3212 unum
1765 3173 1906 3225 capud
1944 3186 2073 3225 super

353 3245 538 3285 foreram
579 3246 753 3285 Ricardi
793 3246 893 3286 Dod
931 3260 1078 3286 versus
1112 3246 1324 3286 fossatum
1364 3245 1660 3298 Nofflngham',
1695 3252 1738 3286 et
1775 3245 1891 3286 aliud
1929 3247 2070 3298 capud

353 3332 499 3359 versus
544 3319 929 3372 Lyngedalegate:
980 3320 1205 3360 habendas
1247 3326 1289 3360 et
1330 3320 1543 3360 tenendas
1584 3319 1808 3373 praedicto
1849 3319 2072 3360 Willelmo
