2198 3845
284 388 337 427 28
550 396 770 428 RECORDs
802 396 862 428 OF
895 396 996 427 THE
1028 396 1263 429 BOROUGH
1296 397 1356 429 OF
1391 396 1738 429 NOTTINGHAM.
1874 382 1999 441 [1241

287 519 391 558 mihi
415 526 458 559 et
480 518 712 559 heredibus
736 519 843 559 meis
865 519 1081 559 decimam
1109 526 1277 572 partem
1301 519 1485 572 scutagii
1507 519 1634 559 unius
1657 518 1806 558 militis
1828 516 2008 570 quando

282 593 529 646 scutagium
567 593 755 641 currerit,
791 607 869 646 pro
905 593 1024 632 omni
1061 593 1236 633 servitio
1281 600 1324 633 et
1360 593 1593 633 exactione
1629 591 1848 640 saeculari,
1883 590 2006 630 salvo

283 667 454 707 redditu
477 666 715 719 supradicti
738 665 947 706 willelmi
972 666 1170 707 Britonis.
1235 667 1285 707 In
1316 666 1438 719 cujus
1465 667 1522 706 rei
1552 665 1852 707 testimonium
1885 677 2007 717 prae-

283 741 395 781 senti
437 747 557 781 carta
599 740 727 793 sigilli
771 740 853 780 mei
898 740 1121 780 munimen
1165 741 1358 794 apposui.
1444 741 1526 780 His
1568 740 1778 781 testibus:
1811 739 2006 779 Domino

284 814 507 854 W'illelmo
537 815 591 854 de
621 814 764 862 Heriz,
796 814 942 862 milite,
974 815 1168 855 Domino
1198 815 1442 863 Goscelino,
1473 815 1620 862 milite,
1652 814 1845 854 Domino
1877 813 2007 865 Regi-

286 888 419 929 naldo
459 889 514 929 de
559 888 779 941 Colewyk,
818 888 964 937 milite,
1004 888 1199 929 Gerardo
1231 889 1285 929 de
1325 889 1483 937 Rodes,
1522 888 1695 928 Thoma
1732 900 1917 940 persona
1953 886 2008 927 de

282 962 508 1010 Wilcford,
534 963 749 1014 Magistro
775 962 966 1002 Radulfo
988 963 1042 1003 de
1068 963 1251 1011 Lenton,
1276 963 1485 1004 Gervasio
1507 963 1561 1003 de
1585 962 1760 1009 Clifton,
1783 968 1825 1002 et
1848 961 1951 1001 aliis.

1726 1046 1851 1086 4770,
1875 1048 1912 1087 p.
1946 1036 2006 1074 18.

314 1167 621 1208 >KV—Grani
640 1168 693 1219 of
717 1167 908 1207 11'2'll2'am
930 1182 1003 1208 ,5072
1025 1169 1079 1220 (ff
1091 1168 1166 1208 [ῖό
1187 1169 1237 1208 dc
1261 1168 1444 1209 §tanton
1468 1175 1506 1209 to
1531 1169 1574 1208 S.
1590 1168 1741 1222 solm’s
1762 1165 1971 1219 flospital.

1059 1256 1090 1281 c.
1123 1254 1236 1293 1240.

369 1341 381 1360 1
395 1332 612 1374 Omnibus
632 1333 821 1374 Sanctae
841 1333 995 1373 Matris
1016 1332 1237 1372 Ecclesiae
1262 1331 1358 1372 filiis
1376 1333 1430 1372 ad
1449 1346 1558 1385 quos
1577 1344 1781 1384 praesens
1798 1330 2006 1383 scriptum

281 1408 535 1461 pervenerit,
569 1407 816 1448 XVillelmus
847 1406 957 1447 filius
986 1407 1154 1447 Yvonis
1184 1407 1239 1447 de
1270 1407 1460 1449 Stanton
1491 1420 1620 1459 super
1648 1405 1792 1454 Wold,
1822 1405 2007 1445 salutem

281 1482 322 1522 in
356 1482 558 1522 Domino.
623 1481 805 1522 Noverit
834 1481 1090 1522 universitas
1118 1488 1260 1522 vestra
1287 1494 1356 1521 me
1385 1481 1558 1521 dedisse
1587 1487 1630 1521 et
1659 1479 1934 1527 concessisse,
1966 1485 2009 1518 et

280 1555 362 1596 hac
385 1556 601 1609 praesenti
621 1562 739 1595 carta
763 1568 860 1595 mea
878 1554 1169 1603 confirmasse,
1195 1556 1292 1595 Deo
1310 1562 1352 1595 et
1374 1554 1595 1607 Hospitali
1622 1554 1773 1596 Sancti
1794 1552 2010 1606 Johannis

282 1629 508 1682 Baptistae
541 1629 596 1669 de
631 1628 936 1681 Nottingham,
972 1636 1014 1669 et
1052 1629 1273 1669 Fratribus
1309 1629 1470 1669 ibidem
1508 1629 1605 1668 Deo
1639 1628 1936 1676 servientibus,
1967 1627 2008 1667 in

281 1704 461 1744 liberam
500 1710 542 1744 et
579 1710 836 1755 perpetuam
874 1702 1170 1751 elemosinam,
1203 1704 1311 1743 duas
1342 1703 1524 1743 bovatas
1562 1709 1700 1742 terrae
1738 1702 1778 1741 in
1818 1701 1920 1742 villa
1955 1701 2010 1741 de

282 1779 472 1821 Stanton
500 1791 629 1830 super
651 1776 795 1825 Wold,
819 1790 917 1816 cum
942 1775 1053 1817 tofto
1076 1784 1118 1817 et
1144 1775 1293 1826 croft0,
1317 1783 1360 1816 et
1381 1776 1585 1816 omnibus
1615 1776 1887 1828 pertinentiis
1910 1775 2008 1824 suis,

281 1866 389 1906 quas
416 1852 514 1892 Yvo
544 1858 667 1904 pater
694 1863 815 1890 meus
845 1850 985 1891 tenuit
1014 1851 1068 1891 de
1098 1851 1215 1891 dono
1246 1850 1427 1890 Domini
1461 1849 1639 1890 Roberti
1670 1850 1724 1889 de
1753 1849 1940 1898 Salceto,
1967 1856 2010 1890 et

281 1941 363 1980 ego
386 1925 643 1973 XVillelmus,
672 1924 794 1964 heres
821 1938 934 1974 suus,
962 1931 1061 1977 post
1087 1937 1206 1965 eum:
1239 1924 1452 1965 tenendas
1479 1930 1521 1964 et
1551 1923 1776 1963 habendas
1807 1923 1938 1963 libere
1966 1930 2009 1963 et

281 2001 438 2054 quiete,
462 1998 640 2053 pacifice
670 2005 713 2039 et
740 1999 917 2051 integre,
942 1999 982 2038 in
1015 1999 1193 2039 liberam
1218 2005 1260 2039 et
1287 2005 1543 2051 perpetuam
1575 1998 1880 2038 elemosinam:
1913 1997 2008 2037 red-

280 2075 427 2116 dendo
456 2074 557 2114 inde
587 2072 814 2113 annuatim
843 2072 1017 2125 capitali
1051 2073 1245 2113 Domino
1268 2072 1382 2112 feodi
1414 2085 1545 2112 unam
1577 2072 1730 2112 libram
1759 2072 1917 2121 cimini,
1941 2071 2007 2112 vel

281 2150 391 2190 duos
420 2148 631 2195 denarios,
666 2147 720 2187 ad
755 2146 916 2187 Natale
947 2147 1138 2195 Domini,
1171 2161 1249 2200 pro
1275 2147 1395 2187 omni
1423 2146 1598 2186 servitio
1627 2146 1836 2186 saeculari
1863 2152 1907 2187 et
1935 2146 2008 2186 de-

282 2223 454 2271 manda,
473 2221 594 2262 salvo
612 2220 827 2261 forinseco
849 2221 1024 2261 servitio
1044 2221 1224 2261 Domini
1251 2220 1394 2273 Regis.
1450 2220 1514 2261 Ut
1531 2220 1638 2260 haec
1661 2227 1807 2261 autem
1826 2220 2009 2261 donatio

281 2304 324 2338 et
353 2296 576 2337 concessio
607 2309 704 2336 mea
734 2301 828 2336 rata
857 2302 1113 2348 permaneat
1143 2302 1186 2335 et
1214 2294 1392 2342 stabiliS,
1420 2294 1636 2347 praesenti
1667 2294 1854 2347 paginae
1880 2293 2008 2347 sigilli

282 2373 365 2413 mei
391 2371 614 2412 munimen
642 2371 836 2423 apposui.
915 2370 998 2410 His
1021 2370 1225 2411 testibus:
1259 2369 1454 2409 Domino
1476 2369 1672 2410 &Valtero
1699 2370 1753 2410 de
1781 2368 2006 2418 Estweith,

281 2454 384 2488 tunc
421 2445 694 2486 Vicecomite
731 2445 786 2485 de
825 2444 1130 2497 Nottingham,
1174 2444 1369 2484 Domino
1409 2443 1600 2496 Hugone
1644 2443 1776 2493 Bello,
1812 2443 2009 2484 Roberto

281 2521 492 2569 Vavasur,
514 2518 705 2560 Radulfo
726 2519 862 2572 Bugg,
882 2518 1136 2571 Augustino
1155 2519 1329 2567 Corner,
1353 2517 1515 2558 Astino
1538 2516 1625 2558 filio
1643 2517 1822 2566 Aliciae,
1846 2516 2009 2558 Astino

283 2595 477 2643 Kerdon‚
504 2593 699 2634 Roberto
727 2592 814 2632 filio
846 2593 1095 2645 Bugeram‚2
1117 2592 1340 2632 willelmo
1364 2591 1452 2632 filio
1480 2591 1635 2639 Briani,
1662 2591 1856 2632 Roberto
1879 2590 2008 2632 fratre

282 2668 386 2722 ejus,
412 2666 603 2707 Radulfo
626 2667 680 2706 de
704 2665 965 2714 XVinnefeld,
989 2673 1031 2706 et
1055 2666 1201 2706 multis
1224 2666 1326 2705 aliis.
1731 2676 1854 2716 4770,
1880 2679 1916 2718 p.
1949 2677 2006 2715 19.

682 2798 767 2837 XV
776 2798 791 2837 I
799 2797 909 2837 .—R
914 2798 1001 2837 ales
1022 2798 1075 2849 os
1090 2797 1222 2837 §crint
1233 2796 1385 2851 solm's
1406 2796 1613 2849 Hospilal.

1116 2882 1228 2921 1241.

369 2962 386 2990 3
406 2962 529 3002 Haec
552 2969 617 3001 est
640 2962 747 3001 ordo
770 2968 812 3000 et
837 2962 984 3013 regula
1008 2962 1208 3001 Fratrum
1240 2968 1282 3000 et
1306 2962 1513 3002 Sororum
1548 2960 1823 3013 Hospitalis⁴
1854 2960 2005 3001 Sancti

282 3036 497 3090 Johannis
522 3036 747 3088 Baptistae
769 3035 824 3075 de
854 3035 1139 3087 Noffingham,
1162 3040 1328 3075 statuta
1356 3041 1399 3074 et
1428 3034 1629 3075 ordinata
1658 3048 1734 3087 per
1764 3034 2006 3074 Dominum

347 3129 355 3142 ¹
384 3126 482 3156 From
500 3122 654 3156 Greaves'
672 3134 799 3164 papers.
1210 3123 1267 3154 but
1290 3133 1368 3164 very
1388 3122 1592 3164 incorrectly.
1641 3124 1714 3155 The
1737 3130 1867 3165 present
1893 3129 1960 3155 text
1982 3123 2008 3154 is

346 3184 358 3197 ²
382 3181 413 3210 A
429 3179 568 3210 mistake
585 3179 634 3209 for
661 3178 865 3219 ‘Ingeram⁷?
1210 3176 1311 3207 based
1350 3187 1439 3217 upon
1481 3187 1500 3207 a
1538 3187 1622 3218 copy
1660 3183 1811 3218 amongst
1851 3176 2007 3208 Greaves’

348 3238 358 3257 3
381 3235 490 3266 These
508 3234 608 3265 Rules
625 3243 679 3263 are
702 3232 830 3272 printed
849 3232 881 3263 in
899 3233 1079 3274 Dugdale's
1210 3244 1327 3274 papers
1362 3232 1431 3272 (A),
1466 3233 1607 3264 collated
1647 3233 1726 3263 with
1762 3233 1817 3264 the
1849 3239 1942 3273 entry
1973 3232 2005 3263 in

281 3286 487 3317 stlonastz'con
501 3287 738 3326 Anglicanum,
760 3286 800 3317 vi.
822 3286 896 3324 679,
918 3285 998 3316 from
1024 3283 1078 3316 the
1209 3286 1425 3318 (jreenfield's
1444 3286 1604 3328 Register,
1623 3298 1697 3328 pars
1714 3287 1745 3318 ii.
1762 3287 1804 3317 fo.
1831 3295 1899 3325 171,
1921 3287 1986 3324 (B).

283 3340 433 3381 Register
447 3340 483 3371 of
495 3340 705 3381 Archbishop
723 3341 911 3372 Grecnfield
925 3346 957 3371 at
971 3340 1073 3377 York,
1272 3344 1283 3360 ⁴
1308 3341 1521 3382 lloqu'lalz'sd
1539 3341 1675 3372 omitted
1693 3342 1733 3372 A.
