2198 3845
297 399 374 439 104
555 400 773 434 RECORDs
806 401 866 434 OF
899 401 998 433 THE
1031 402 1266 435 ssoROUGH
1299 402 1360 434 or
1394 402 1740 435 NOTTINGHAM.
1878 390 2010 447 [1330

290 518 498 561 heredum
540 536 714 563 suorum
759 525 812 563 de
855 525 1195 565 summonitione
1237 526 1438 565 scaccarii
1481 526 1556 574 sui,
1606 526 1660 566 de
1708 524 1910 565 omnibus
1953 523 2007 563 ad

289 593 454 634 dictum
487 595 673 649 burgum
710 597 995 650 Notingham’
1030 599 1339 652 spectantibus,
1367 606 1409 640 et
1438 600 1556 652 quod
1591 599 1733 640 nullus
1766 600 2008 640 vicecomes

289 673 363 707 aut
396 668 503 709 alius
533 669 715 711 ballivus
746 671 878 724 ipsius
914 672 1061 725 proavi
1093 673 1238 721 nostri,
1262 673 1327 713 vel
1358 674 1565 714 heredum
1595 687 1783 722 suorum,
1813 673 2007 726 quicum-

289 754 382 793 que,
406 742 570 783 dictum
595 744 780 797 burgum
812 745 1141 798 ingrederentur
1170 747 1224 787 ad
1255 748 1630 795 summonitiones,
1654 747 2007 794 attachiamenta,

287 828 361 855 seu
399 817 701 867 districtiones,
739 827 813 859 aut
846 819 929 859 alia
963 819 1106 859 officia
1144 820 1305 860 ibidem
1343 820 1552 869 facienda,
1591 821 1669 860 nisi
1709 821 1749 860 in
1788 820 2006 860 defectum

290 889 552 931 Ballivorum
591 892 785 944 ejusdem
824 892 979 942 villae,1
1019 900 1060 933 et
1103 895 1312 947 praedicti
1352 895 1596 948 Burgenses
1633 901 1676 934 et
1713 900 2008 934 antecessores

286 963 360 1012 sui,
404 978 455 1004 eo
506 973 749 1018 praetextu,
800 967 1023 1019 hucusque
1067 967 1313 1008 habuerunt
1357 975 1531 1009 returna
1571 967 1767 1008 omnium
1813 967 2007 1007 brevium

285 1039 612 1091 progenitorum
661 1047 918 1089 nostrorum,
961 1048 1004 1081 et
1051 1049 1309 1091 nostrorum,
1356 1048 1447 1082 tam
1493 1042 1548 1082 de
1594 1040 2008 1081 summonitionibus

285 1113 497 1162 scaccarii,
535 1127 665 1166 quam
706 1115 886 1155 aliorum
926 1115 1120 1155 brevium
1165 1129 1551 1169 quorumcumque,
1590 1116 1782 1156 eundum
1820 1115 2005 1168 burgum

284 1186 658 1242 qualitercumque
693 1189 996 1242 tangentium:
1036 1190 1139 1238 Nos,
1170 1191 1389 1231 securitati
1420 1191 1674 1231 eorumdem
1706 1190 2007 1242 Burgensium,

283 1273 338 1301 ne
371 1275 500 1315 super
532 1263 614 1303 hoc
649 1263 878 1316 inquietari
914 1264 1082 1316 possint
1117 1263 1367 1312 infuturum,
1403 1264 1629 1317 providere
1663 1263 1870 1309 volentes,
1906 1277 2007 1303 con-

283 1336 490 1377 cessimus
520 1337 591 1387 eis,
621 1344 664 1378 et
693 1338 773 1377 hac
803 1344 922 1378 carta
953 1345 1101 1378 nostra
1130 1338 1494 1387 confirmavimus,
1525 1339 1643 1391 quod
1674 1338 1754 1391 ipsi
1784 1344 1827 1378 et
1856 1350 2005 1377 eorum

282 1408 462 1451 heredes
496 1418 538 1451 et
575 1425 844 1452 successores
879 1411 1088 1465 praedicti
1124 1412 1445 1465 imperpetuum
1481 1412 1673 1452 habeant
1707 1417 1882 1452 returna
1915 1424 2006 1451 om-

282 1483 401 1524 nium
431 1484 626 1525 brevium
662 1494 920 1533 nostrorum,
950 1494 993 1526 et
1022 1486 1230 1526 heredum
1267 1493 1525 1535 nostrorum,
1556 1493 1646 1526 tam
1677 1486 1731 1526 de
1765 1485 2004 1525 summoni-

281 1557 472 1600 tionibus
495 1561 707 1609 scaccarii,
731 1574 862 1614 quarn
887 1560 1069 1601 aliorum
1095 1561 1289 1601 brevium
1320 1573 1706 1614 quorumcumque,
1731 1560 2004 1613 praedictum

281 1631 466 1686 burgum
490 1634 864 1688 qualitercumque
887 1635 1162 1688 tangentium
1184 1650 1190 1684 ;
1224 1635 1283 1675 ita
1315 1635 1431 1688 quod
1467 1634 1608 1675 nullus
1638 1635 1890 1683 vicecomes
1914 1633 2003 1674 bal-

281 1705 401 1756 livus,
424 1721 498 1748 seu
522 1708 630 1749 alius
654 1709 850 1749 minister
879 1716 1034 1758 noster,
1058 1709 1124 1749 vel
1147 1709 1356 1750 heredum
1377 1716 1635 1758 nostrorum,
1666 1709 1851 1762 burgum
1883 1708 2002 1749 illum

280 1779 548 1833 ingrediatur
591 1783 644 1823 ad
688 1783 1064 1832 summonitiones,
1100 1782 1445 1824 attachiamenta
1487 1796 1560 1823 seu
1599 1783 1903 1833 districtiones,
1938 1782 2006 1823 vel

280 1854 425 1908 aliqua
455 1856 539 1897 alia
567 1855 720 1906 officia,
744 1856 854 1897 infra
883 1857 1070 1898 eundem
1101 1857 1300 1910 burgum,
1324 1857 1572 1898 exercenda
1600 1856 1666 1897 vel
1691 1856 1900 1906 facienda,
1925 1855 2005 1896 nisi

278 1930 321 1971 in
356 1930 529 1973 defectu
565 1932 830 1973 Ballivorum
865 1932 992 1973 villae
1026 1933 1312 1986 supradictae,
1346 1932 1456 1972 sicut
1487 1931 1760 1985 praedictum
1793 1937 1867 1971 est.
1931 1930 2005 1971 Ad

278 2005 396 2055 haec,
426 2020 525 2047 curn
553 2020 629 2060 per
661 2007 884 2060 quandam
916 2007 1253 2060 inquisitionem,
1283 2020 1359 2060 per
1388 2004 1631 2059 praefatum
1662 2004 1933 2045 &villelmum
1964 2011 2007 2046 et

278 2080 485 2122 dilectum
509 2088 552 2122 et
575 2080 747 2122 fidelem
782 2088 978 2122 nostrum
1011 2080 1274 2121 Nicholaum
1308 2079 1505 2129 Fastolft‚
1533 2080 1587 2120 de
1617 2080 1828 2120 mandato
1857 2085 2007 2120 nostro

278 2153 450 2205 factam,
490 2162 532 2197 et
575 2156 617 2196 in
661 2156 922 2197 cancellaria
963 2162 1113 2197 nostra
1158 2162 1437 2205 retornatam,
1475 2161 1748 2208 compertum
1791 2154 1846 2194 sit
1888 2155 2005 2208 quod

277 2229 487 2282 praedicti
527 2230 784 2283 Burgenses,
823 2244 847 2271 a
885 2237 1084 2284 tempore
1120 2243 1208 2283 quo
1245 2243 1331 2270 non
1371 2235 1496 2271 extat
1531 2229 1741 2270 memoria
1777 2242 1914 2282 usque
1950 2229 2005 2270 ad

277 2308 450 2357 tempus
480 2303 768 2345 confectionis
797 2304 940 2346 dictae
969 2311 1114 2345 cartae
1143 2304 1353 2358 praedicti
1385 2303 1599 2357 Johannis
1631 2303 1776 2356 Regis,
1805 2303 2005 2357 progeni-

277 2377 381 2417 toris
411 2379 559 2428 nostri,
583 2379 749 2419 eisdem
782 2379 1079 2432 Burgensibus
1103 2378 1254 2428 factae,
1277 2384 1320 2419 et
1349 2378 1481 2419 etiam
1512 2378 1807 2431 postmodum,
1830 2377 2005 2431 gaolam

277 2450 318 2491 in
361 2451 479 2493 dicta
520 2452 622 2493 villa
666 2453 954 2506 Notingharn'
996 2453 1252 2502 habuerunt,
1295 2467 1374 2506 pro
1415 2453 1614 2493 custodia
1656 2465 1805 2492 eorum
1848 2453 1921 2505 qui
1963 2452 2004 2493 in

276 2525 429 2566 eadem
466 2526 568 2567 villa
603 2527 719 2581 capti
756 2526 930 2568 suerunt
965 2541 1039 2568 seu
1078 2527 1316 2576 attachiati‚
1352 2533 1394 2567 et
1429 2527 1546 2579 quod
1580 2526 1709 2579 gaola
1743 2526 1815 2566 illa
1850 2526 1929 2567 fuit
1963 2527 2004 2567 in

277 2601 476 2641 custodia
509 2615 659 2642 eorum
694 2602 767 2654 qui
797 2602 1042 2642 custodiam
1073 2601 1201 2641 villae
1230 2601 1479 2654 praedictae
1508 2600 1764 2649 habuerunt,
1793 2606 2004 2654 tanquam

276 2674 331 2714 ad
361 2676 547 2715 eandem
580 2675 728 2716 villam
759 2676 991 2729 pertinens,
1015 2682 1104 2716 tarn
1136 2675 1240 2715 dum
1271 2674 1373 2714 villa
1402 2674 1474 2714 illa
1497 2673 1576 2714 fuit
1605 2674 1646 2713 in
1678 2674 1879 2714 manibus
1908 2688 2005 2727 pro-

276 2749 523 2801 genitorum
563 2756 812 2790 nostrorum
852 2749 1188 2802 praedictorum,
1226 2762 1358 2801 quam
1397 2748 1438 2788 in
1477 2747 1678 2788 manibus
1716 2748 2004 2802 Burgensium

276 2821 404 2862 villae
434 2823 738 2876 supradictae:
772 2824 877 2873 Nos,
907 2837 986 2877 pro
1016 2823 1198 2876 pleniori
1229 2822 1459 2863 securitate
1493 2822 1697 2875 ipsorum,
1719 2821 1915 2863 volentes
1944 2823 2004 2863 eis

277 2896 463 2948 gratiam
491 2897 533 2936 in
567 2897 648 2938 hac
678 2904 803 2951 parte
834 2897 974 2938 facere
1002 2897 1247 2950 specialem,
1277 2896 1571 2937 concessimus
1605 2897 1676 2946 eis,
1699 2902 1742 2937 et
1770 2896 1852 2937 hae
1885 2903 2005 2937 carta

277 2976 426 3010 nostra
458 2970 825 3020 confirmavimus,
856 2971 973 3024 quod
1007 2971 1138 3011 iidem
1170 2971 1425 3024 Burgenses,
1455 2970 1635 3011 heredes
1664 2977 1707 3011 et
1735 2984 2003 3011 successores

277 3043 341 3083 sui
371 3045 594 3097 praedicti,
621 3045 944 3098 imperpetuum
974 3044 1167 3085 habeant
1196 3044 1370 3097 gaolam
1394 3045 1662 3097 praedictam
1693 3044 1735 3084 in
1758 3044 1860 3084 villa
1881 3057 2002 3097 prae-

276 3117 404 3167 dicta,
428 3132 506 3171 pro
536 3119 736 3159 custodia
765 3119 935 3159 illorum
966 3119 1038 3172 qui
1069 3119 1111 3158 in
1146 3118 1300 3158 eadem
1329 3117 1440 3167 villa,
1471 3131 1527 3158 ex
1557 3131 1833 3170 quacumque
1861 3130 2002 3166 causa,

278 3192 373 3245 capi
410 3206 485 3233 seu
528 3193 757 3234 attachiari
795 3192 1104 3246 contigeri[n]t.
1170 3192 1364 3246 Insuper,
1397 3205 1495 3232 cum
1530 3190 1712 3244 praefati
1747 3191 2001 3244 Burgenses,

277 3272 512 3318 praetextu
537 3267 752 3308 dictorum
783 3267 1013 3307 verborum
1045 3267 1086 3307 in
1117 3267 1350 3320 praedictis
1372 3266 1532 3307 chartis
1555 3271 1859 3306 contentorum
1884 3264 2000 3318 quod

279 3339 498 3381 ‘homines
523 3342 575 3381 de
610 3340 1002 3393 Notinghamshire
1026 3348 1067 3380 et
1091 3341 1144 3380 de
1169 3340 1421 3380 Derbishire
1451 3340 1594 3379 venire
1617 3339 1779 3378 debent
1802 3338 1855 3377 ad
1880 3351 2000 3390 prae-
