2198 3845
318 404 398 446 312
585 403 804 437 REcoRDs
837 405 897 437 OF
929 405 1029 437 THE
1061 406 1296 439 BORoUoH
1329 407 1390 439 OF
1423 407 1770 439 NOTTINGHAM.
1905 395 2036 450 [1396

315 540 502 576 suorum,
539 527 711 579 Regum
745 526 945 579 Angliae,
975 528 1030 568 ad
1061 527 1175 568 feodi
1211 528 1391 578 firmam,
1427 543 1505 581 pro
1538 535 1655 569 certa
1688 541 1861 568 summa
1893 528 2034 568 eidem

315 600 510 641 Domino
541 601 651 653 Regi
681 607 724 640 et
755 601 985 641 heredibus
1017 602 1104 641 suis
1134 603 1188 642 ad
1218 603 1482 642 scaccarium
1517 616 1643 643 suum
1679 602 1905 642 annuatim
1940 601 2034 641 red-

313 674 468 723 denda,
487 680 529 715 et
551 674 701 714 dicunt
719 675 835 726 quod
859 675 1106 726 praedictus
1132 675 1349 716 Henricus
1372 682 1492 717 tenet
1514 677 1738 729 quoddam
1762 675 2033 728 mesuagium

312 754 515 788 vocatum
547 747 607 787 ‘le
629 748 876 788 Vouthall'’
900 748 941 787 in
967 749 1112 801 Burgo
1144 750 1375 790 Francisco
1402 750 1527 790 villae
1555 750 1804 803 praedictae
1830 750 1884 790 de
1912 762 2034 802 prae-

311 821 438 862 dictis
471 821 650 873 Majore,
676 821 861 871 Ballivis,
884 828 927 862 et
960 823 1299 872 Communitate,
1323 830 1370 864 ut
1393 822 1590 863 firmariis
1623 823 1818 876 ejusdem
1854 822 2033 862 Domini

313 895 458 948 Regis,
481 896 639 935 virtute
670 895 961 935 concessionis
993 897 1252 949 praedictae,
1276 911 1352 950 per
1383 897 1605 937 servitium
1638 896 1870 937 duodecim
1903 896 2033 936 solid-

310 982 433 1008 orum
457 983 532 1022 per
554 982 717 1009 annum
741 969 795 1009 ad
819 968 927 1010 festa
950 969 1314 1011 Annuntiationis
1337 977 1380 1011 et
1403 970 1658 1011 Nativitatis
1683 971 1844 1010 Beatae
1868 969 2034 1010 Mariae

309 1042 513 1095 Virginis,
546 1056 622 1095 per
650 1043 853 1096 aequales
882 1045 1114 1097 portiones,
1145 1045 1466 1098 imperpetuum
1497 1045 1831 1094 reddendorum,
1860 1044 1916 1084 de
1947 1057 2034 1096 quo

310 1117 486 1169 quidem
522 1116 693 1157 redditu
727 1117 858 1157 iidem
894 1118 1048 1171 Major,
1083 1118 1248 1168 Ballivi,
1281 1125 1323 1159 et
1355 1118 1671 1167 communitas,
1704 1124 1747 1158 et
1781 1118 2033 1171 praedeces-

308 1203 426 1230 sores
449 1191 524 1239 sui,
549 1190 750 1243 Majores,
776 1191 940 1241 Ballivi,
963 1199 1006 1232 et
1031 1193 1336 1234 Communitas
1358 1193 1485 1233 villae
1508 1193 1767 1245 praedictae,
1790 1205 1815 1232 a
1836 1197 2034 1244 tempore

308 1264 599 1304 concessionis
636 1265 884 1317 praedictae
918 1279 1090 1319 semper
1122 1266 1346 1320 hucusque
1381 1267 1513 1307 seisiti
1548 1266 1732 1315 fuerunt,
1767 1279 1844 1318 per
1878 1278 2034 1305 manus

307 1337 516 1390 praedicti
552 1337 743 1387 Henrici,
766 1345 808 1379 et
840 1353 916 1392 per
948 1353 1102 1380 manus
1136 1340 1328 1393 ipsorum
1352 1354 1536 1394 quorum
1567 1346 1731 1381 statum
1762 1340 1877 1380 idem
1912 1340 2033 1380 Hen-

309 1412 420 1452 ricus
454 1412 587 1452 habet
621 1412 662 1452 in
698 1413 864 1462 eodem,
894 1420 941 1454 ut
975 1427 1051 1466 per
1085 1427 1240 1454 manus
1269 1428 1468 1454 verorum
1504 1414 1746 1454 tenentium
1779 1426 1968 1463 suorum,
1991 1419 2034 1454 et

309 1486 411 1538 quia
438 1500 518 1526 sex
547 1486 673 1526 solidi
697 1487 750 1526 de
780 1488 950 1528 redditu
981 1489 1216 1540 praedicto,
1239 1489 1451 1537 videlicet,
1475 1489 1529 1528 de
1559 1488 1746 1528 termino
1777 1487 2033 1528 Nativitatis

309 1559 471 1600 Beatae
515 1560 681 1600 Mariae
722 1561 915 1613 Virginis
952 1562 1157 1614 proximo
1199 1563 1488 1615 praecedente
1526 1569 1627 1602 ante
1664 1562 1779 1602 diem
1818 1561 2033 1614 captionis

308 1634 567 1686 praedictae,
597 1635 761 1675 eisdem
796 1635 964 1688 llslajori,
1000 1636 1185 1685 Ballivis,
1219 1643 1261 1676 et
1295 1637 1613 1678 Communitati
1647 1650 1672 1676 a
1704 1643 1817 1676 retro
1849 1634 2033 1685 fuerunt,

309 1706 439 1747 iidem
477 1708 673 1748 Thomas
711 1715 754 1749 et
792 1709 1054 1762 Stephanus,
1090 1716 1137 1750 ut
1176 1710 1329 1750 Ballivi
1367 1710 1494 1750 villae
1530 1710 1790 1763 praedictae,
1826 1714 2034 1761 ceperunt

307 1780 466 1821 catalla
502 1782 725 1834 praedicta
762 1782 802 1821 in
842 1783 1066 1835 mesuagio
1104 1785 1328 1836 praedicto
1365 1785 1406 1824 in
1446 1784 1586 1824 forma
1622 1784 1846 1837 praedicta
1882 1783 1936 1823 de
1973 1783 2033 1823 eis

307 1861 441 1904 tento,
474 1862 602 1908 prout
636 1856 696 1896 eis
730 1855 841 1896 bene
874 1856 1004 1905 licuit,
1028 1858 1144 1897 unde
1179 1871 1265 1898 non
1302 1858 1489 1898 intendit
1525 1858 1716 1910 aliquam
1752 1857 1954 1909 injuriam
1989 1857 2031 1896 in

308 1929 502 1981 personis
539 1929 626 1969 suis
668 1929 710 1968 in
747 1929 828 1969 hac
870 1937 993 1982 parte
1030 1931 1239 1984 assignari
1282 1946 1420 1984 posse,
1459 1939 1501 1972 et
1538 1938 1694 1984 petunt
1728 1932 1952 1984 judicium,
1990 1938 2032 1972 et

308 2009 531 2043 returnum
564 2003 820 2043 catallorum
853 2005 1175 2056 praedictorum
1211 2006 1251 2045 in
1285 2006 1366 2046 hac
1399 2013 1522 2059 parte
1554 2006 1634 2046 sibi
1668 2006 1918 2058 adjudicari,
1942 2012 2032 2053 etc.,

308 2082 350 2117 et
373 2090 501 2130 super
522 2077 604 2117 hoc
627 2077 758 2117 iidem
782 2077 978 2118 Thomas
1001 2084 1043 2118 et
1068 2079 1320 2131 Stephanus
1343 2079 1384 2119 in
1406 2080 1536 2122 Curia
1561 2080 1694 2133 Regis
1717 2079 1785 2119 hic
1803 2079 2034 2120 vadiarunt

307 2151 666 2192 deliberationem
691 2151 946 2193 catallorum
971 2153 1303 2206 praedictorum.
1576 2164 1691 2205 1295,
1716 2168 1770 2194 ro.
1797 2154 1862 2194 Sd.
1887 2154 1931 2194 in
1953 2153 2031 2194 ced.

438 2446 888 2488 CLIX—Scleclz'ons
898 2447 1021 2498 from
1046 2447 1112 2487 tlze
1133 2448 1451 2489 Prcsenlmenls
1471 2450 1525 2501 of
1537 2449 1603 2489 tlze
1624 2448 1908 2489 Decemcams

952 2527 1001 2561 at
1030 2520 1096 2561 tlce
1126 2521 1392 2563 Mz'ckletorn.

1012 2612 1130 2662 1396,
1153 2611 1281 2665 April
1308 2622 1339 2664 5.

312 2717 509 2754 MAGNUM
558 2716 749 2753 TURNUM
797 2726 971 2753 TENTUM
1020 2727 1162 2754 CORAM
1210 2718 1415 2766 JOHANNE
1462 2729 1518 2754 DE
1565 2718 1806 2764 PLUMPTRE,
1857 2718 2034 2761 MAJoRE

470 2797 618 2823 VILLAE
644 2787 993 2833 NOTINGHAMIAE‚
1016 2798 1089 2823 DIE
1117 2787 1337 2825 MERCURH
1360 2798 1550 2825 PRoxmo
1578 2798 1676 2825 POST
1698 2798 1858 2825 FESTL'M
1880 2788 2031 2825 SANCTI

470 2857 679 2894 AMBRosn
726 2857 930 2902 prscopr,
971 2868 1088 2894 ANNo
1134 2868 1264 2895 REGNI
1304 2859 1435 2895 REG1s
1480 2859 1664 2896 RICARDI
1708 2858 1895 2895 SEchm
1935 2868 2033 2895 posu·

471 2926 762 2969 CONQUESTUM
793 2926 986 2963 ANGLIAE
1016 2928 1142 2964 x1x³¹0.

400 3036 617 3076 Robertus
635 3036 689 3076 de
713 3035 996 3078 Castereffeld
1020 3044 1063 3078 et
1086 3037 1281 3078 Thomas
1299 3039 1354 3079 de
1375 3038 1542 3087 Arnall,
1562 3037 1791 3078 Decenarii
1810 3038 1864 3078 de
1888 3037 2032 3090 Chap—

311 3108 518 3162 pelbarre,
547 3115 828 3161 praesentant
860 3111 977 3162 quod
1012 3111 1231 3151 Robertus
1265 3111 1592 3161 Chastereffeld,
1618 3112 1836 3152 Robertus
1869 3112 2031 3160 Tewer,

309 3182 532 3235 Johannes
555 3183 609 3222 de
631 3183 816 3231 Tavton,
834 3183 1080 3224 VVillelmus
1105 3185 1372 3234 Fossebrok’,
1392 3185 1576 3237 Magota
1594 3186 1648 3225 de
1672 3183 1889 3232 Farewell,
1907 3183 2031 3224 Will-

311 3255 448 3296 elmus
485 3257 539 3296 de
576 3256 815 3309 Gresseley,
852 3256 1098 3297 W'illelmus
1136 3258 1324 3307 Tailour,
1361 3258 1608 3298 willelmus
1643 3258 1801 3305 Priour,
1834 3257 2030 3297 Thomas

311 3330 364 3369 de
401 3329 566 3378 Arnall,
604 3329 799 3370 Thomas
831 3330 885 3369 de
921 3330 1197 3380 Beddefford,
1230 3331 1476 3371 willelmus
1511 3332 1565 3371 de
1600 3331 1770 3379 Bolton,
1806 3329 2030 3382 Johannes
