2198 3845
311 409 364 450 34
574 408 793 440 RECORDS
825 408 885 440 or
918 408 1018 440 THE
1050 407 1287 441 BOROUGH
1320 408 1381 440 OF
1416 407 1764 440 NOTTINGHAM.
1902 397 2027 450 [1241

343 529 681 584 XVII.-Office
691 531 774 582 for
791 530 858 570 [lle
878 530 1131 570 Admz'ssz'on
1153 530 1208 581 of
1217 529 1427 570 Bretleren
1451 530 1539 570 into
1563 529 1607 571 S.
1622 529 1775 585 solm's
1796 528 2008 582 Hospital.

394 639 408 658 1
433 630 739 684 ‘Adjutorium
773 637 970 671 nostrum
1003 630 1045 670 in
1079 630 1256 670 nomine
1295 629 1487 679 Domini,
1520 629 1593 682 qui
1631 628 1733 669 fecit
1765 627 1953 681 [caelum
1986 633 2030 667 et

308 704 534 758 terram].'²
595 708 603 724 ‘
618 706 685 747 Sit
707 718 867 745 nomen
893 704 1072 744 Domini
1095 703 1387 752 benedictum,
1411 717 1468 743 ex
1490 703 1573 743 hoc
1597 702 1741 756 [nunc‚
1763 708 1807 742 et
1829 714 1967 754 usque
1990 700 2032 740 in

308 777 598 832 saeculum].'3
658 779 873 827 ‘Oremus,
896 777 1166 818 dilectissimi
1190 776 1353 826 fratres,
1379 776 1621 816 Dominum
1647 776 1859 816 Nostrum
1881 775 2034 827 Jesum

310 852 531 894 Christum
564 866 642 905 pro
678 851 760 891 hoc
798 850 962 891 famulo
996 850 1113 893 Suo4
1148 850 1200 890 R.
1224 851 1289 900 R.,
1319 850 1392 903 qui
1430 850 1484 890 ad
1517 849 1827 902 deponendam
1861 861 2035 889 comam

308 926 463 979 capitis
492 925 556 965 sui
586 939 664 978 pro
695 925 802 977 Ejus
833 938 981 965 amore
1010 924 1197 974 festinat,
1221 931 1269 965 ut
1295 923 1462 964 donet5
1491 924 1528 964 ei
1563 923 1776 976 Spiritum
1809 922 2035 971 Sanctum,

310 1000 396 1054 Qui
419 999 617 1040 habitum
642 998 860 1051 religionis
884 999 925 1038 in
950 1012 1002 1038 eo
1024 1005 1283 1052 perpetuum
1307 1004 1544 1047 conservet,
1568 1004 1611 1038 et
1634 1010 1658 1037 a
1681 996 1833 1036 mundi
1852 995 2035 1048 impedi-

309 1080 458 1114 mento
487 1073 553 1113 vel
580 1072 788 1112 saeculari
811 1072 1027 1112 desiderio
1055 1085 1129 1112 cor
1157 1072 1249 1125 ejus
1279 1071 1498 1121 defendat,
1528 1078 1571 1112 et
1605 1071 1716 1111 sicut
1753 1068 2038 1110 immutatur6

307 1148 349 1187 in
383 1147 515 1196 vultu,
540 1147 600 1187 ita
632 1159 787 1186 manus
818 1146 1028 1187 dextera7
1050 1146 1143 1199 ejus
1175 1146 1345 1187 virtutis
1370 1144 1568 1199 [tribuat]
1600 1145 1881 1193 incrementa,
1905 1149 1948 1184 et
1981 1143 2037 1183 ab

306 1221 426 1261 omni
462 1221 673 1261 caecitate
709 1220 903 1261 humana
938 1219 1087 1261 oculos
1129 1220 1222 1273 ejus
1259 1220 1436 1272 aperiat,
1469 1226 1512 1260 et
1554 1219 1701 1259 lumen
1749 1218 1786 1258 ei
1831 1224 2037 1258 aeternae

306 1295 469 1348 gloriae
493 1293 753 1348 [concedat]
817 1293 903 1348 Qui
936 1307 1034 1334 cum
1069 1294 1167 1334 Deo
1201 1294 1328 1334 Patre
1361 1293 1422 1347 [et
1457 1292 1622 1346 Spiritu
1658 1292 1824 1335 Sancto
1856 1292 1962 1333 vivit
1991 1298 2035 1333 et

306 1375 460 1422 regnat
484 1369 604 1409 Deus
628 1382 704 1421 per
725 1368 874 1408 omnia
896 1368 1070 1408 saecula
1092 1367 1408 1421 saeculorum].’

391 1443 500 1483 Alia
536 1442 708 1484 Oratio:
741 1442 940 1491 ‘Adesto,
966 1442 1182 1482 Domine!
1215 1441 1608 1495 supplicationibus
1641 1440 1812 1491 nostris,
1844 1447 1888 1482 et
1919 1440 2035 1481 hunc

306 1517 517 1558 famulum
551 1517 697 1557 Tuum
719 1516 771 1556 R.
795 1516 847 1556 R.
872 1516 1128 1556 benedicere
1159 1516 1351 1569 dignare,
1375 1516 1441 1556 cui
1475 1516 1517 1555 in
1541 1516 1640 1556 Tuo
1671 1521 1825 1556 sancto
1857 1515 2036 1555 nomine

304 1592 503 1632 habitum
542 1590 761 1643 religionis
794 1590 1071 1643 imponimus
1104 1596 1162 1639 ut,
1195 1590 1261 1630 Te
1293 1590 1515 1643 largiente,
1549 1590 1734 1630 devotus
1772 1589 1814 1629 in
1853 1589 2037 1629 ecclesia

303 1665 531 1719 persistere
549 1670 592 1705 et
613 1664 748 1705 vitam
772 1664 993 1717 percipere
1017 1670 1181 1705 mereat
1200 1670 1434 1714 aeternam,
1453 1677 1530 1717 per
1554 1663 1796 1704 Dominum
1822 1663 2034 1704 Nostrum

302 1740 453 1793 Jesum
479 1739 700 1781 Christum
725 1737 816 1791 [qui
840 1738 1007 1778 Tecum
1031 1738 1137 1779 vivit
1159 1744 1201 1779 et
1228 1745 1382 1791 regnat
1405 1739 1447 1778 in
1471 1738 1640 1779 unitate
1660 1738 1849 1791 Spiritus
1881 1738 2036 1780 Sancti

307 1814 438 1862 Deus,
462 1812 584 1865 etc.].’

392 1885 650 1941 [Benedictio
668 1886 935 1939 vestimenti]
990 1886 1206 1926 ‘Domine
1226 1886 1331 1939 jesu
1356 1885 1538 1935 Christe,
1559 1885 1644 1940 Qui
1664 1892 1841 1939 tegmen
1861 1892 2037 1928 nostrae

306 1960 584 2002 mortalitatis
599 1960 616 1987 8
634 1960 813 2001 induere
830 1960 1037 2014 dignatus
1056 1974 1111 2010 eS,
1130 1960 1410 2001 obsecramus
1430 1960 1692 2001 immensam
1711 1960 1836 2001 Tuae
1857 1960 2034 2014 pietatis

304 2034 664 2084 habundantiam,
688 2041 735 2074 ut
764 2034 846 2074 hoc
877 2048 1014 2087 genus
1044 2034 1305 2083 vestimenti,
1329 2035 1447 2088 quod
1478 2034 1616 2075 sancti
1647 2040 1792 2087 patres
1823 2035 1878 2075 ad
1909 2035 2033 2075 inno-

304 2109 473 2150 centiae
533 2114 577 2148 et
639 2107 898 2148 humilitatis
957 2108 1165 2149 indicium
1223 2108 1638 2149 abrenunciantibus
1695 2109 1870 2149 saeculo
1927 2108 2036 2150 ferre

305 2188 557 2232 sanxerunt,
581 2182 642 2222 ita
671 2181 928 2222 benedicere
954 2183 1156 2235 digneris,
1181 2188 1228 2223 ut
1250 2183 1319 2222 hic
1343 2182 1531 2223 famulus
1554 2183 1687 2232 Tuus,
1711 2183 1784 2236 qui
1806 2183 1889 2224 hoc
1913 2183 2035 2237 [usus

305 2257 462 2310 fuerit],
485 2257 551 2297 Te
587 2257 766 2297 inducre
803 2263 1030 2306 mereatur,
1069 2256 1156 2310 Qui
1189 2257 1294 2297 vivit
1327 2256 1388 2310 [et
1426 2263 1580 2310 regnat
1619 2257 1739 2297 Deus
1776 2271 1852 2310 per
1888 2258 2037 2298 omnia

306 2331 480 2372 saecula
511 2329 825 2383 saeculorum].’
890 2331 1009 2371 Dum
1043 2329 1194 2371 exuit9
1225 2344 1337 2380 eum,
1370 2331 1487 2371 dicat
1521 2331 1697 2371 ‘Exuat
1733 2337 1777 2371 te
1815 2330 2035 2371 Dominus

307 2412 497 2446 veterem
521 2404 745 2444 hominem
765 2417 863 2443 curn
883 2404 1052 2445 actibus
1070 2403 1158 2444 suis
1176 2404 1200 2444 !’
1254 2405 1373 2444 Dum
1398 2404 1539 2445 induit
1561 2418 1660 2445 eum
1680 2412 1896 2454 novum,10
1917 2406 2035 2446 dicat

308 2479 495 2519 ‘Induat
524 2483 568 2518 te
599 2477 817 2517 Dominus
849 2490 1012 2518 novum
1046 2477 1282 2527 hominem,
1307 2478 1379 2531 qui
1412 2479 1653 2519 secundum
1687 2479 1832 2520 Deum
1866 2486 2036 2521 creatus

309 2559 374 2594 est
406 2552 448 2592 in
478 2551 648 2605 justitia
689 2558 733 2591 et
773 2551 1008 2593 sanctitate
1049 2552 1329 2593 veritatisl’ss
1394 2553 1633 2606 Postquam
1676 2553 1854 2594 indutus
1896 2553 2035 2603 fuerit,

309 2627 509 2667 dicantur
537 2624 620 2665 hae
654 2638 822 2677 preces:
859 2625 1063 2667 ‘Salvum
1103 2625 1168 2666 fac
1201 2639 1372 2666 servum
1406 2627 1564 2676 Tuum,
1599 2626 1720 2667 Deus
1753 2641 1885 2677 meus,
1917 2642 2035 2681 sper-

310 2707 458 2741 antem
495 2699 537 2738 in
570 2699 644 2738 Te.
709 2698 840 2739 Mitte
872 2699 920 2748 ei,
956 2699 1158 2748 Domine,
1192 2700 1406 2740 auxilium
1439 2700 1494 2740 de
1525 2706 1678 2740 sancto
1709 2708 1752 2741 et
1785 2700 1876 2754 [de]
1911 2701 2034 2754 Syon

309 2781 430 2815 tuere
452 2780 603 2813 eum.12
664 2771 810 2812 Nichil
842 2772 1041 2825 proficiat
1072 2773 1114 2813 in
1142 2786 1193 2814 eo
1222 2773 1433 2822 inimicus,
1463 2780 1507 2814 et
1536 2772 1647 2813 filius
1676 2773 1917 2826 iniquitatis
1947 2788 2034 2815 non

311 2853 505 2900 apponet
553 2859 709 2886 nocere
756 2845 846 2885 ei.13
926 2846 1036 2887 Esto
1087 2847 1137 2897 ei,
1190 2847 1322 2896 Deus,
1374 2847 1501 2888 turris
1544 2846 1809 2888 fortitudinis
1861 2861 1886 2888 a
1926 2847 2036 2889 facie

312 2921 474 2962 inimici
493 2920 546 2961 ’.Η
603 2920 822 2960 Dominus
844 2920 1083 2961 vobiscum.
1147 2921 1326 2962 Etcum
1359 2920 1526 2974 [spiritu
1550 2921 1677 2970 tuo].’

356 3016 365 3029 ¹
390 3011 471 3043 This
495 3010 600 3043 Office
630 3010 769 3047 follows,
790 3009 822 3040 in
841 3009 996 3042 Greaves'
1014 3011 1103 3048 MS„
1237 3020 1332 3051 copy,
1353 3009 1402 3040 for
1419 3020 1475 3041 use
1492 3009 1588 3041 when
1607 3020 1697 3041 more
1715 3009 1794 3040 than
1814 3019 1876 3041 one
1897 3020 1963 3041 was
1979 3011 2034 3042 ad-

312 3065 536 3106 immediately
549 3064 630 3095 after
647 3064 702 3095 the
714 3064 892 3105 preceding
908 3064 1108 3106 regulations
1238 3066 1364 3097 mitted.
1416 3066 1445 3097 It
1462 3065 1521 3097 has
1537 3076 1580 3096 no
1596 3065 1667 3096 title
1684 3065 1717 3096 in
1735 3064 1889 3097 Greaves’
1906 3065 1979 3096 MS.

312 3119 362 3150 for
385 3120 418 3152 S.
437 3118 553 3160 John's
576 3118 732 3159 Hospital
755 3119 834 3156 (No.
860 3119 984 3157 XVI.)‚
1003 3120 1061 3151 but
1083 3119 1107 3151 it
1302 3123 1315 3136 ²
1340 3120 1411 3151 Psa.
1432 3119 1535 3151 cxxiv.
1557 3119 1586 3150 8.

314 3177 340 3207 is
367 3181 424 3206 not
453 3175 487 3206 in
515 3173 732 3206 Greenfield’s
761 3174 912 3216 Register
942 3180 974 3205 at
1001 3175 1105 3212 York,
1303 3177 1316 3197 3
1341 3174 1412 3205 Psa.
1432 3173 1517 3204 cxiii.
1539 3182 1567 3204 2.

315 3227 422 3259 which
436 3227 584 3259 contains
597 3227 652 3258 the
665 3228 874 3269 regulations.
915 3227 988 3259 The
1004 3228 1109 3269 plural
1303 3230 1317 3250 ⁴
1338 3228 1423 3268 su0,]
1444 3227 1541 3267 ‘tuo,’
1558 3228 1632 3260 MS.

315 3282 415 3312 forms
432 3282 469 3312 of
483 3282 538 3312 the
558 3282 738 3313 references
757 3288 791 3312 to
810 3282 866 3313 the
885 3292 958 3312 new
976 3282 1110 3313 brother
1305 3286 1317 3306 5
1339 3284 1460 3323 donet‚]
1482 3282 1624 3321 ‘dones‚’
1641 3283 1715 3315 MS.

315 3345 370 3365 are
398 3334 526 3365 written
552 3345 629 3365 over
652 3335 708 3365 the
732 3334 875 3376 singular
898 3334 931 3365 in
955 3334 1110 3366 Greaves’
1304 3335 1317 3353 ⁶
1341 3337 1568 3376 immutatum]
1589 3336 1819 3375 ‘inunctatus,'
1837 3337 1910 3369 MS.
