2198 3845
285 407 360 448 172
544 408 763 441 REcoRDs
795 408 855 440 OF
888 408 988 439 THE
1021 407 1257 440 BOROUGH
1290 407 1350 438 OF
1384 406 1730 438 NOTTINGHAM.
1867 394 1998 448 [1360

277 528 495 579 Gernoun,
518 531 573 570 de
606 530 891 583 Notingham,
921 537 964 570 et
995 529 1140 569 Alicia
1171 543 1284 569 uxor
1316 542 1423 578 mea,
1450 528 1661 577 dedimus,
1694 525 1997 575 concessimus,

276 608 319 641 et
351 602 432 642 hac
464 604 682 656 praesenti
712 610 831 643 carta
861 610 1009 643 nostra
1037 602 1403 652 confirmavimus,
1429 602 1625 643 Roberto
1646 601 1701 642 de
1731 600 1921 653 Brunby,
1944 600 1999 640 de

278 675 562 729 Nofflngham,
601 677 772 730 juniori,
814 683 1001 730 quatuor
1049 690 1169 717 acras
1211 683 1350 717 terrae
1391 689 1490 716 curn
1543 675 1826 729 pertinentiis,
1869 680 1999 727 prout

277 748 420 790 iacent
441 750 757 802 particulariter
773 751 815 790 in
839 751 1005 803 campis
1023 751 1078 791 de
1101 750 1387 803 Notingham,
1405 763 1589 803 quarum
1612 755 1780 802 septem
1803 748 1999 797 seliones,

276 823 550 864 continentes
583 830 668 864 tres
701 837 832 873 acras,
853 824 1001 877 jacent
1030 823 1158 864 simul
1189 824 1230 864 in
1263 823 1585 877 Lyngdalefeld
1615 837 1744 876 super
1765 822 1805 863 le
1827 822 2000 874 furlong

275 897 392 949 quod
427 904 605 938 vocatur
641 898 713 938 “le
749 898 1067 951 Jewgalowes,''
1104 905 1147 939 et
1179 899 1291 939 duae
1325 899 1520 947 seliones,
1553 898 1828 938 continentes
1865 909 1997 936 unam

275 985 430 1021 acram,
464 972 611 1024 jacent
650 972 689 1011 in
728 973 883 1012 eodem
926 986 1084 1025 campo
1121 972 1232 1013 inter
1268 979 1427 1013 terram
1467 972 1659 1014 Simonis
1699 970 1904 1011 Bertevill
1942 983 1999 1010 ex

275 1051 397 1097 parte
429 1059 525 1094 una,
549 1052 592 1086 et
624 1052 782 1086 terram
816 1047 1040 1099 quondam
1074 1045 1244 1086 Aliciae
1276 1047 1330 1087 de
1362 1045 1660 1097 Vilodeburgh'
1691 1059 1748 1084 ex
1781 1044 1927 1093 altera,
1957 1051 2000 1085 et

275 1118 509 1159 abbuttant
532 1120 585 1159 ad
610 1133 744 1160 unum
768 1121 909 1173 capud
941 1134 1069 1173 super
1091 1121 1254 1173 regiam
1278 1120 1392 1160 viam
1424 1126 1466 1160 et
1489 1120 1543 1160 ad
1568 1119 1683 1159 aliud
1707 1119 1849 1171 capud
1873 1132 2001 1171 super

275 1194 520 1245 praedictas
543 1200 711 1247 septem
736 1194 941 1234 seliones:
973 1194 1200 1234 habendas
1223 1200 1266 1234 et
1294 1194 1507 1234 tenendas
1537 1193 1761 1246 praedicto
1793 1192 1999 1241 Roberto,

275 1267 505 1307 heredibus
528 1274 570 1308 et
593 1268 825 1321 assignatis
848 1268 946 1317 suis,
971 1268 1113 1317 libere,
1136 1268 1292 1321 quiete,
1316 1268 1427 1308 bene
1449 1274 1492 1308 et
1521 1267 1563 1307 in
1588 1281 1705 1320 pace,
1728 1267 1783 1307 de
1805 1265 1999 1319 capitali-

276 1341 354 1381 bus
387 1342 576 1381 dominis
609 1341 724 1382 feodi
758 1342 880 1390 illius,
904 1355 980 1395 per
1009 1341 1183 1382 servitia
1211 1341 1312 1381 inde
1335 1341 1484 1382 debita
1512 1347 1555 1381 et
1577 1341 1631 1381 de
1657 1340 1752 1393 jure
1780 1346 1999 1388 consueta,

275 1414 606 1468 imperpetuum.
672 1416 729 1456 Et
759 1429 838 1456 nos
867 1430 969 1456 vero
999 1415 1209 1469 praedicti
1239 1414 1486 1455 willelmus
1509 1421 1552 1455 et
1575 1413 1730 1463 Alicia,
1754 1420 1797 1454 et
1819 1413 2000 1454 heredes

274 1490 419 1538 nostri,
443 1490 688 1542 praedictas
711 1496 899 1543 quatuor
921 1503 1041 1530 acras
1064 1496 1202 1530 terrae
1225 1489 1449 1542 praedicto
1474 1488 1680 1537 Roberto,
1703 1487 1935 1528 heredibus
1957 1494 2000 1527 et

274 1563 505 1616 assignatis
537 1565 635 1613 suis,
659 1570 787 1617 prout
820 1563 1119 1617 supradictum
1153 1570 1229 1611 est,
1253 1569 1404 1603 contra
1435 1576 1588 1602 omnes
1618 1568 1770 1615 gentes
1799 1562 1998 1602 waranti-

274 1636 480 1686 zabimus,
515 1638 862 1690 acquietabimus
896 1645 939 1679 et
972 1637 1259 1678 defendemus
1294 1638 1626 1690 imperpetuum.
1692 1637 1742 1676 In
1780 1635 1902 1688 cujus
1939 1636 1997 1675 rei

273 1711 572 1751 testimonium
606 1711 704 1751 huic
737 1712 954 1764 praesenti
987 1718 1132 1752 cartae
1161 1717 1335 1751 nostrae
1364 1710 1505 1763 sigilla
1533 1716 1681 1750 nostra
1703 1709 1997 1762 apposuimus.

278 1784 376 1824 Hiis
410 1785 614 1825 testibus:
651 1785 848 1826 &Valtero
881 1786 936 1825 de
970 1785 1162 1834 XValton,
1197 1791 1301 1825 tunc
1337 1784 1507 1837 Majore
1540 1784 1667 1824 villae
1701 1784 1999 1837 Notingham',

272 1858 475 1910 Johanne
498 1860 552 1899 de
583 1860 743 1901 Sutton
774 1866 816 1900 et
845 1859 1069 1899 willelmo
1100 1860 1284 1912 Pynner,
1308 1865 1411 1899 tunc
1443 1858 1619 1898 Ballivis
1641 1858 1837 1911 ejusdem
1861 1858 1999 1906 villae,

278 1933 470 1985 Hugone
519 1933 680 1986 Spicer,
722 1933 924 1987 Johanne
974 1934 1151 1982 Samon,
1193 1933 1396 1987 Johanne
1437 1933 1491 1974 de
1535 1932 1762 1986 Rippeley,
1807 1932 2000 1972 Henrico

276 2007 502 2060 Flemyng,
536 2014 578 2048 et
611 2007 713 2047 aliis.
779 2008 946 2048 Datum
984 2008 1099 2060 apud
1140 2008 1425 2061 Notingham,
1463 2007 1532 2048 die
1568 2006 1770 2047 Mercurii
1809 2006 1849 2045 in
1888 2005 2000 2046 festo

275 2081 590 2122 Decollationis
626 2082 776 2124 Sancti
811 2081 1025 2135 Johannis
1057 2082 1292 2134 Baptistae,
1322 2095 1439 2122 anno
1471 2081 1591 2134 regni
1627 2080 1760 2133 Regis
1794 2079 1999 2120 Edwardi

274 2154 410 2195 Tertii
453 2169 478 2195 a
516 2156 770 2209 Conquestu
808 2155 1000 2208 Angliae
1042 2156 1262 2195 tricesimo
1303 2156 1518 2196 secundo.'
1581 2155 1723 2208 Super
1758 2167 1846 2207 quo
1882 2154 2000 2194 dicta

274 2227 419 2268 Alicia
452 2230 708 2270 examinata
742 2230 783 2269 in
820 2229 949 2282 plena
979 2229 1109 2271 Curia
1138 2229 1243 2270 dicit
1272 2230 1389 2282 quod
1420 2243 1535 2282 pure,
1566 2235 1732 2282 sponte,
1763 2234 1805 2268 et
1835 2227 1999 2281 absque

275 2301 456 2355 alicujus
478 2303 555 2343 viri
579 2303 830 2343 cohertione
853 2303 981 2343 istam
1005 2310 1169 2344 cartam
1194 2303 1335 2344 eidem
1362 2303 1558 2344 Roberto
1580 2301 1862 2343 confirmavit.

1682 2378 1798 2426 1268,
1821 2390 1876 2416 ro.
1908 2377 1996 2416 12d.

350 2622 851 2662 LXXXIX—Desccnt
872 2622 920 2673 by
940 2622 1347 2675 Boronglc-Englz'slc
1371 2623 1413 2663 in
1436 2623 1502 2663 tlze
1523 2623 1564 2663 E
1568 2623 1709 2676 nglz'sla
1730 2623 1937 2675 Borouglc.

905 2714 1098 2764 1359-60,
1121 2714 1318 2766 January
1341 2716 1374 2753 8.

363 2819 579 2859 Henricus
625 2818 851 2872 Flemyng,
890 2820 944 2859 de
982 2819 1268 2872 Notingham,
1304 2819 1414 2872 petit
1450 2832 1597 2859 versus
1635 2818 1906 2859 VVillelmum
1943 2819 1998 2859 de

276 2892 512 2934 Chillewell
536 2899 722 2945 quatuor
744 2892 953 2933 solidatas
977 2893 1182 2942 redditus,
1205 2907 1304 2932 cum
1332 2893 1614 2945 pertinentiis,
1638 2893 1678 2932 in
1711 2892 1997 2945 Notingham,

275 2980 326 3006 eo
358 2966 475 3019 quod
506 2966 731 3018 Johannes
766 2966 992 3018 Flemyng,
1025 2966 1375 3018 consanguineus
1407 2966 1617 3018 praedicti
1653 2966 1843 3014 Henrici,
1876 2965 1998 3018 cujus

274 3039 396 3079 heres
420 3040 511 3092 ipse
532 3045 607 3088 est,
630 3039 709 3079 fuit
732 3040 902 3079 seisitus
925 3040 966 3078 in
990 3039 1211 3080 dominico
1233 3053 1312 3080 suo
1335 3046 1381 3080 ut
1403 3041 1458 3080 de
1480 3040 1619 3089 feodo,
1642 3046 1840 3092 tempore
1868 3039 1997 3092 pacis,

276 3119 473 3165 tempore
495 3113 606 3165 regis
630 3126 754 3161 nunc,
773 3119 816 3152 et
837 3113 952 3164 cepit
975 3112 1170 3164 expletia
1192 3113 1292 3153 inde
1315 3113 1356 3152 in
1381 3114 1620 3154 redditibus
1643 3120 1685 3153 et
1708 3113 1750 3152 in
1774 3112 1998 3165 arreragiis

277 3187 537 3235 reddituum,
560 3192 650 3235 etc.,
675 3186 729 3225 ad
758 3185 995 3225 valentiam
1025 3186 1233 3226 dimidiae
1262 3199 1444 3235 marcae,
1467 3193 1510 3226 et
1539 3186 1647 3226 obiit
1673 3186 1855 3234 seisitus‚
1879 3192 1922 3225 et
1944 3186 1998 3225 de

276 3260 500 3311 praedicto
532 3259 744 3312 Johanne,
778 3259 881 3311 quia
916 3258 1025 3299 obiit
1061 3259 1153 3299 sine
1187 3259 1346 3300 herede
1379 3260 1434 3300 de
1467 3273 1647 3312 corpore
1683 3273 1762 3300 suo
1796 3267 1997 3307 exeunte,

276 3333 585 3373 resortiabatur
607 3332 783 3372 feodum
807 3339 849 3371 et
872 3333 1140 3372 dominicum
1165 3333 1337 3373 cuidam
1362 3332 1500 3381 Adae,
1524 3339 1570 3373 ut
1594 3333 1808 3373 avunculo
1827 3331 1997 3384 juniori,
