2198 3845
309 417 389 446 222
572 418 790 451 RECORDS
823 419 882 450 OF
916 420 1015 450 THE
1048 419 1283 452 BOROUGH
1317 419 1376 451 OF
1412 419 1759 451 NOTTINGHAM.
1897 410 2025 463 [1382

307 537 388 578 sub
419 539 492 580 illo
524 541 597 593 qui
629 541 824 594 sequitur
855 548 1024 582 tenore:
1061 541 1238 583 ‘Sciant
1269 546 1520 595 praesentes
1554 547 1597 582 et
1631 539 1761 582 futuri
1797 541 1914 594 quod
1949 554 2028 580 nos

309 612 522 654 Ricardus
555 620 646 655 atte
679 615 927 665 Chanouns,
950 615 1005 656 de
1039 615 1340 669 Notyngham,
1364 622 1407 656 et
1441 615 1603 657 Cecilia
1634 628 1747 655 uxor
1779 628 1877 655 mea
1908 615 2028 655 dedi-

307 698 413 734 mus,
446 688 749 737 concessimus,
783 695 825 729 et
857 688 938 729 hac
971 689 1189 742 praesenti
1222 695 1342 730 carta
1373 695 1523 730 nostra
1556 687 1922 738 confirmavimus,
1953 689 2028 741 Jo-

307 759 438 798 hanni
478 760 655 810 Samon,
692 762 747 801 de
785 762 1086 815 Notyngham‚
1123 763 1291 812 seniori,
1329 769 1498 816 septem
1536 776 1657 802 acras
1694 768 1737 803 et
1773 768 1858 803 tres
1900 763 2028 803 rodas

306 839 446 872 terrae
475 834 679 883 arrabilis,
707 848 805 874 cum
836 836 1120 887 pertinentiis,
1147 836 1343 889 jacentes
1373 837 1414 876 in
1445 836 1612 889 campis
1642 836 1696 876 de
1726 836 2028 889 Notyngham‚

306 918 488 958 quarum
519 921 604 947 una
637 907 753 960 [acra
782 908 916 961 jacet]
949 922 1006 949 ex
1041 916 1164 962 parte
1194 910 1453 951 occidentali
1486 911 1524 951 16
1558 911 1697 959 Beck’,
1728 911 1839 950 inter
1869 917 2028 951 terram

305 979 407 1019 dicti
439 980 653 1032 Johannis
688 982 852 1023 Samon
887 996 943 1022 ex
973 990 1096 1036 parte
1125 984 1302 1024 australi
1329 991 1372 1025 et
1404 991 1563 1025 terram
1597 985 1821 1038 quondam
1845 984 2028 1025 Walteri

307 1053 483 1105 Ingram
519 1068 576 1094 ex
609 1062 732 1107 parte
766 1056 938 1106 boriali;
975 1064 1017 1097 et
1052 1071 1139 1098 una
1173 1072 1272 1098 acra
1305 1065 1347 1099 et
1381 1059 1564 1099 dimidia
1595 1059 1743 1112 jacent
1776 1058 1851 1111 [ex
1885 1058 2029 1111 par]te

304 1126 501 1167 orientali
532 1128 570 1168 16
600 1129 739 1179 Beck’,
763 1130 874 1170 inter
902 1137 1061 1171 terram
1085 1132 1308 1184 quondam
1336 1132 1518 1173 XValteri
1550 1133 1727 1185 Ingram
1758 1145 1815 1172 ex
1845 1138 2029 1185 utraque

304 1207 446 1252 parte;
499 1208 541 1241 et
583 1216 669 1242 una
710 1204 892 1244 dimidia
933 1218 1032 1245 acra
1070 1206 1187 1258 jacet
1229 1220 1358 1259 super
1402 1206 1672 1259 Langthorn,
1715 1207 1826 1247 inter
1867 1212 2027 1246 terram

303 1274 526 1325 quondam
560 1275 739 1316 Roberti
763 1278 817 1317 de
848 1278 1080 1332 Crop[hill]
1104 1293 1161 1319 ex
1185 1287 1308 1332 parte
1337 1280 1512 1320 australi
1543 1287 1585 1321 et
1615 1287 1773 1321 terram
1803 1281 2027 1333 quondam

305 1347 496 1388 Simonis
520 1349 574 1389 de
599 1350 771 1390 Lenton
796 1365 852 1391 ex
876 1359 999 1404 parte
1023 1353 1196 1403 boriali;
1226 1361 1269 1394 et
1292 1367 1378 1394 una
1401 1368 1500 1394 acra
1518 1355 1634 1408 jacet
1653 1368 1782 1407 super
1806 1354 2027 1407 Sleytber-

303 1422 431 1475 ough,
456 1423 566 1463 inter
594 1431 753 1465 terram
786 1426 996 1479 Ospitalis
1028 1428 1179 1469 Sancti
1207 1429 1422 1481 Johannis
1454 1443 1511 1469 ex
1541 1436 1664 1482 parte
1693 1429 1951 1469 occidentali
1985 1436 2028 1470 et

303 1504 461 1537 terram
495 1499 718 1550 quondam
750 1500 964 1552 Johannis
997 1503 1051 1542 de
1086 1502 1338 1544 Schirwode
1370 1517 1427 1543 ex
1460 1509 1582 1556 parte
1615 1503 1834 1553 orientali;
1867 1510 1910 1544 et
1941 1516 2028 1544 una

303 1571 484 1611 dimidia
506 1585 605 1612 acra
624 1573 740 1626 jacet
762 1588 892 1628 supra
917 1576 1261 1629 Sleytberough',
1281 1577 1392 1617 inter
1414 1584 1571 1617 terram
1595 1578 1820 1630 quondam
1846 1577 2027 1618 Roberti

302 1646 357 1685 de
381 1646 574 1698 Crophill
599 1661 655 1687 ex
679 1655 802 1700 parte
831 1649 1007 1689 australi
1039 1657 1081 1690 et
1111 1657 1269 1690 terram
1300 1651 1524 1703 quondam
1553 1650 1768 1704 Johannis
1798 1651 1853 1691 de
1884 1650 2026 1692 Schir-

302 1719 425 1759 wode
457 1733 513 1759 ex
546 1727 669 1772 parte
703 1721 864 1771 boriali,
889 1729 930 1763 et
963 1723 1136 1764 abuttat
1166 1738 1313 1764 versus
1345 1725 1557 1765 orientem
1590 1738 1719 1778 super
1751 1725 1789 1765 le
1824 1725 1952 1765 Beck'
1984 1732 2027 1766 et

301 1807 430 1846 super
466 1794 736 1847 Gilpyngate
768 1809 915 1836 versus
950 1797 1244 1845 occidentem;
1288 1805 1330 1838 et
1367 1811 1454 1838 una
1486 1798 1669 1838 dimidia
1701 1812 1800 1838 acra
1834 1799 1951 1851 jacet
1982 1799 2025 1838 in

301 1867 530 1920 Astydale,
555 1869 665 1909 inter
688 1876 846 1910 terram
872 1870 1022 1912 Sancti
1049 1872 1265 1912 Leonardi
1290 1886 1346 1912 ex
1370 1879 1493 1925 parte
1515 1872 1775 1913 occidentali
1799 1878 1842 1913 et
1864 1879 2024 1913 terram

301 1942 524 1994 quondam
566 1942 780 1996 Johannis
817 1945 872 1983 de
910 1945 1163 1986 Schirwode
1199 1959 1256 1985 ex
1294 1953 1417 1998 parte
1453 1946 1674 1995 orientali;
1716 1952 1758 1986 et
1796 1959 1883 1986 una
1919 1947 2026 1987 roda

297 2015 413 2069 jacet
443 2016 554 2056 inter
576 2023 734 2057 terram
766 2019 989 2070 quondam
1014 2019 1221 2059 willelmi
1245 2020 1300 2060 de
1329 2019 1501 2072 Amyas
1525 2033 1580 2060 ex
1612 2027 1796 2073 utraque
1826 2026 1959 2073 parte,
1983 2027 2025 2061 et

301 2090 474 2131 abuttat
496 2104 624 2144 super
647 2092 961 2145 XVystongateg
1000 2101 1042 2134 et
1072 2107 1158 2134 una
1186 2094 1368 2135 dimidia
1401 2108 1499 2135 acra
1527 2094 1645 2147 jacet
1678 2094 1718 2134 in
1755 2094 2024 2147 Lyngedale,

301 2164 411 2204 inter
447 2171 605 2205 terram
643 2166 747 2207 dicti
784 2167 998 2219 Johannis
1038 2168 1203 2209 Samon
1241 2182 1298 2209 ex
1335 2176 1458 2222 parte
1492 2168 1751 2208 occidentali
1787 2174 1829 2208 et
1863 2175 2022 2209 terram

300 2239 524 2290 quondam
553 2239 768 2292 Johannis
797 2242 851 2281 (16
883 2242 1160 2282 Normanton
1191 2256 1247 2282 ex
1278 2250 1401 2296 parte
1430 2243 1650 2292 orientali;
1683 2249 1726 2284 et
1755 2243 1868 2283 duae
1899 2256 2024 2283 acrae

295 2312 444 2364 jacent
486 2314 541 2354 ad
583 2315 622 2354 le
661 2315 962 2368 Juh'galowes.
1032 2316 1247 2357 Dedimus
1289 2317 1420 2357 etiam
1463 2324 1505 2357 et
1547 2317 1840 2357 concessimus
1881 2316 2022 2357 eidem

297 2386 489 2439 Johanni
525 2388 690 2430 Samon
726 2403 861 2429 unum
896 2389 1094 2439 croftum,
1129 2404 1227 2431 curn
1263 2391 1546 2444 pertinentiis,
1581 2397 1710 2444 prout
1742 2391 1860 2444 jacet
1892 2390 2024 2444 juxta

300 2460 530 2511 Scotbeck,
554 2469 596 2503 et
619 2476 753 2503 unum
777 2464 1066 2517 curtilagium,
1089 2478 1188 2504 cum
1212 2465 1495 2518 pertinentiis,
1519 2473 1648 2518 prout
1676 2465 1794 2518 jacet
1816 2464 1858 2504 in
1884 2465 2023 2505 Parvo

300 2535 489 2575 Marisco
524 2537 895 2590 Notynghamiae,
930 2539 1042 2578 inter
1075 2538 1350 2591 curtilagium
1391 2539 1566 2579 Ricardi
1601 2539 1656 2579 de
1696 2539 1932 2579 Brademer
1965 2552 2022 2578 ex

298 2615 420 2661 parte
442 2610 641 2651 orientali
664 2617 706 2651 et
729 2611 1004 2664 curtilagium
1029 2612 1237 2652 willelmi
1261 2613 1315 2652 de
1340 2613 1501 2653 Beston
1525 2627 1582 2652 ex
1605 2619 1728 2665 parte
1751 2612 2020 2652 occidentali.

301 2682 520 2723 Habenda
550 2690 592 2724 et
622 2685 813 2724 tenenda
842 2685 990 2725 omnia
1019 2686 1242 2738 praedicta
1270 2692 1417 2735 terras,
1441 2686 1638 2735 croftum,
1662 2693 1704 2727 et
1733 2686 2020 2739 curtilagium‚

298 2769 395 2795 cum
429 2757 631 2797 omnibus
664 2758 936 2810 pertinentiis
968 2759 1066 2808 suis,
1097 2760 1322 2812 praedicto
1352 2756 1543 2813 Johanni
1578 2760 1756 2810 Samon,
1789 2760 2021 2801 heredibus

297 2836 340 2869 et
363 2830 593 2882 assignatis
616 2831 714 2880 suis,
738 2832 792 2871 de
818 2832 1077 2884 capitalibus
1107 2833 1296 2873 dominis
1326 2833 1440 2874 feodi
1471 2834 1583 2874 illius
1613 2848 1689 2887 per
1717 2834 1892 2875 servitia
1920 2835 2021 2875 inde

297 2902 446 2942 debita
482 2910 524 2944 et
561 2904 615 2944 de
653 2904 749 2957 jure
785 2912 1004 2954 consueta,
1042 2906 1374 2959 imperpetuum.
1451 2908 1509 2948 Et
1551 2921 1629 2948 nos
1666 2922 1768 2948 vero
1809 2908 2019 2961 praedicti

300 2976 512 3017 Ricardus
545 2985 587 3018 et
621 2979 792 3028 Cecilia,
816 2986 858 3020 et
890 2979 1071 3020 heredes
1104 2981 1188 3020 mei
1221 2982 1364 3021 dictae
1397 2981 1594 3032 Ceciliae‚
1617 2983 1765 3023 omnia
1797 2983 2021 3035 praedicta

296 3056 442 3100 terras,
475 3051 672 3101 croftum‚
705 3059 748 3092 et
780 3053 1067 3106 curtilagium‚
1098 3067 1196 3094 cum
1229 3055 1432 3095 omnibus
1465 3055 1737 3107 pertinentiis
1769 3056 1867 3105 suis,
1897 3070 2019 3109 prae-

296 3124 414 3165 dicto
454 3125 645 3177 Johanni
689 3126 866 3175 Samon,
903 3127 1134 3167 heredibus
1177 3134 1220 3168 et
1261 3128 1493 3181 assignatis
1535 3129 1633 3179 suis,
1675 3135 1827 3170 contra
1867 3143 2019 3170 omnes

296 3205 448 3251 gentes
484 3199 864 3240 warantizabimus
901 3207 943 3240 et
981 3200 1267 3241 defendemus
1305 3201 1637 3254 imperpetuum.
1708 3202 1759 3242 In
1797 3202 1920 3255 cujus
1958 3203 2016 3242 rei

296 3272 596 3312 testimonium
631 3273 729 3312 huic
763 3274 980 3325 praesenti
1016 3281 1160 3314 cartae
1196 3274 1337 3327 sigilla
1374 3281 1523 3315 nostra
1559 3276 1853 3328 apposuimus.
1919 3276 2018 3316 Hiis

295 3346 497 3386 testibus:
547 3345 736 3387 Radulfo
777 3347 882 3393 plot,
916 3354 1018 3386 tunc
1057 3347 1226 3403 Majore
1265 3348 1577 3401 Notyngham',
1611 3349 1813 3402 Johanne
1851 3349 2015 3391 Samon
