2198 3845
321 371 372 422 58
584 384 802 416 RECORDS
835 385 895 417 of
928 383 1028 416 THE
1061 385 1296 418 BOROUGH
1329 385 1389 418 oF
1425 386 1771 419 NOTTINGHAM.
1908 375 2039 431 [1284

318 505 452 545 modo
493 506 694 547 decetero
735 509 957 560 gaudeant
1001 516 1044 549 et
1081 515 1260 549 utantur
1293 523 1380 563 quo
1417 517 1614 563 tempore
1651 511 1865 563 captionis
1911 511 2038 552 villae

316 579 566 631 praedictae
607 581 648 621 in
689 595 867 621 manum
911 589 1106 623 nostram
1148 583 1219 631 eis,
1249 583 1381 636 juxta
1422 591 1618 624 tenorem
1661 590 1878 625 cartarum
1915 598 2036 638 prae-

315 652 542 703 dictarum,
565 654 880 696 rationabiliter
903 655 1164 696 utebantur:
1196 656 1257 697 ita
1279 657 1397 709 quod
1421 657 1501 710 ipsi
1524 664 1568 698 et
1591 671 1739 698 eorum
1767 671 2036 698 successores

315 727 500 768 reddant
530 728 584 768 de
614 728 767 768 eadem
801 728 903 768 villa
932 729 1057 769 nobis
1087 736 1129 770 et
1158 729 1390 770 heredibus
1420 730 1578 771 nostris
1607 730 1788 783 singulis
1818 731 1953 780 annis,
1980 732 2035 772 ad

315 802 577 842 scaccarium
611 809 819 851 nostrum,
851 803 1172 856 quinquaginta
1201 810 1243 844 et
1269 804 1378 844 duas
1408 803 1548 853 libras,
1572 804 1614 844 in
1638 803 1779 845 forma
1803 818 1890 857 qua
1919 805 2036 858 prius

314 887 386 914 eas
419 874 520 915 inde
557 876 682 916 nobis
717 876 897 916 reddere
933 884 1263 926 consueverunt,
1287 884 1330 918 et
1353 879 1470 931 quod
1503 884 1604 919 octo
1642 878 1772 918 libras
1809 878 1864 918 de
1901 878 2035 919 incre-

315 955 465 989 mento
488 949 612 989 nobis
635 955 677 989 et
700 949 931 990 heredibus
955 951 1112 991 nostris
1136 951 1237 991 inde
1259 952 1567 992 nichilominus
1590 952 1775 992 reddant
1799 952 2036 992 annuatim.

316 1022 375 1062 Et
397 1023 451 1062 ad
475 1022 784 1063 relevationem
808 1030 947 1064 status
979 1025 1267 1077 Burgensium
1299 1032 1342 1066 et
1367 1026 1549 1066 aliorum
1581 1025 1808 1065 hominum
1839 1025 2035 1078 ejusdem

313 1096 450 1145 villae,
472 1097 778 1153 concessimus,
801 1112 880 1151 pro
902 1098 1027 1139 nobis
1051 1106 1093 1139 et
1123 1099 1354 1140 heredibus
1384 1100 1553 1149 nostris,
1577 1099 1694 1152 quod
1725 1099 1805 1152 ipsi
1836 1099 2038 1140 decetero

312 1170 503 1211 habeant
534 1171 575 1210 in
605 1172 759 1211 eadem
784 1171 884 1211 villa
912 1185 1047 1213 unum
1076 1174 1287 1226 majorem
1311 1175 1365 1215 de
1387 1189 1432 1215 se
1456 1175 1570 1228 ipsis,
1594 1188 1736 1227 quem,
1760 1175 2037 1228 congregatis

311 1245 599 1298 burgensibus
641 1245 866 1298 utriusque
902 1246 1026 1299 burgi
1073 1247 1270 1299 ejusdem
1306 1248 1433 1288 villae
1467 1247 1647 1300 singulis
1685 1247 1810 1287 annis
1845 1247 1886 1287 in
1925 1247 2037 1289 festo

313 1318 463 1360 Sancti
501 1318 739 1366 Michaelis,
774 1319 970 1359 unanimi
1004 1333 1219 1361 consensu
1254 1328 1297 1362 et
1331 1322 1557 1362 voluntate
1592 1321 1767 1374 eligant,
1794 1328 1842 1362 ut
1876 1323 2037 1375 praesit

311 1392 480 1433 ballivis
503 1399 546 1433 et
568 1392 661 1432 aliis
684 1393 739 1432 de
761 1393 914 1433 eadem
939 1394 1040 1434 villa
1063 1395 1104 1434 in
1123 1395 1326 1435 omnibus
1342 1403 1476 1448 quae1
1502 1394 1721 1448 pertinent
1739 1395 1792 1435 ad
1812 1396 2036 1449 utriusque

311 1467 435 1520 burgi
478 1467 674 1520 ejusdem
712 1466 840 1507 villae
878 1468 1070 1520 regimen
1114 1475 1157 1509 et
1191 1469 1411 1521 juvamen,
1446 1475 1488 1510 et
1523 1469 1640 1522 quod
1683 1469 1843 1517 statim,
1879 1470 2032 1510 eadem

311 1541 522 1582 electione
559 1540 684 1589 facta,
718 1541 882 1593 eligant
919 1555 1054 1582 unum
1090 1543 1305 1583 Ballivum
1339 1544 1393 1583 de
1427 1556 1515 1583 uno
1549 1542 1688 1595 burgo
1725 1549 1767 1582 et
1811 1543 1941 1583 aliurn
1978 1545 2033 1584 de

311 1616 395 1656 alio
432 1615 581 1668 burgo,
620 1628 698 1668 pro
734 1615 987 1656 diversitate
1024 1617 1392 1657 consuetudinum
1431 1618 1472 1657 in
1506 1616 1670 1657 eisdem
1707 1617 1854 1670 burgis
1891 1617 2034 1659 habit-

311 1703 444 1739 arum,
467 1689 539 1742 qui
567 1702 619 1729 ea
640 1702 752 1742 quae
782 1690 1002 1742 pertinent
1025 1691 1079 1731 ad
1103 1690 1295 1731 officium
1326 1705 1452 1731 suum
1483 1697 1768 1744 exequantur.
1836 1691 1894 1732 Et
1916 1693 2034 1744 quod

310 1764 389 1816 ipsi
432 1770 474 1804 et
511 1776 660 1803 eorum
704 1777 984 1812 successores,
1020 1771 1191 1817 praeter
1225 1764 1374 1805 feriam
1417 1779 1540 1805 suam
1585 1779 1660 1818 per
1701 1771 1802 1806 octo
1843 1765 1935 1805 dies
1978 1767 2033 1806 ad

309 1837 467 1878 festum
505 1838 654 1879 Sancti
693 1837 908 1878 Matthaei
951 1837 1157 1890 Apostoli
1193 1839 1436 1886 durantem,
1475 1839 1667 1879 habeant
1710 1839 2032 1892 imperpetuum

309 1925 440 1952 unam
465 1912 594 1952 aliam
625 1911 775 1952 feriam
806 1912 847 1951 in
879 1912 1032 1952 eadem
1063 1912 1165 1952 villa
1196 1913 1377 1966 singulis
1411 1913 1534 1953 annis
1567 1926 1643 1966 per
1665 1913 1914 1966 quindecim
1942 1914 2034 1954 dies

308 1986 573 2034 duraturam,
611 1986 823 2034 videlicet,
862 1986 903 2025 in
947 1986 1104 2039 vigilia,
1143 1986 1185 2026 in
1221 1987 1301 2035 die,
1336 1994 1379 2028 et
1421 1988 1463 2027 in
1506 1987 1696 2028 crastino
1739 1986 1835 2028 festi
1880 1987 2031 2030 Sancti

310 2060 534 2101 Edmundi
576 2060 708 2113 Regis
743 2066 785 2100 et
828 2059 1030 2107 Martiris,
1069 2067 1112 2101 et
1154 2074 1230 2113 per
1264 2061 1496 2101 duodecim
1539 2061 1631 2101 dies
1673 2067 1916 2114 sequentes,
1950 2063 2031 2102 nisi

308 2134 412 2175 feria
434 2134 506 2174 illa
535 2134 589 2174 sit
616 2135 670 2174 ad
700 2140 1012 2174 nocumentum
1044 2134 1282 2175 vicinarum
1307 2134 1519 2175 feriarum.
1583 2135 1731 2189 Quare
1759 2135 1961 2176 volumus
1989 2143 2033 2178 et

308 2208 486 2250 firmiter
519 2208 821 2262 praecipimus,
856 2222 934 2261 pro
967 2208 1092 2248 nobis
1125 2215 1168 2249 et
1199 2209 1432 2249 heredibus
1465 2209 1634 2257 nostris,
1670 2209 1787 2261 quod
1821 2210 2031 2262 praedicti

309 2283 553 2336 Burgenses
576 2289 619 2323 et
640 2282 851 2331 homines,
875 2288 918 2322 et
947 2296 1096 2322 eorum
1127 2296 1407 2331 successores,
1431 2289 1603 2336 praeter
1625 2281 1774 2322 feriam
1805 2296 1928 2323 suam
1957 2297 2033 2337 per

306 2363 406 2397 octo
442 2357 534 2397 dies
577 2357 630 2396 ad
674 2355 833 2397 festum
874 2356 1024 2398 Sancti
1068 2356 1284 2397 Matthaei
1318 2356 1525 2410 Apostoli
1558 2357 1801 2405 durantem,
1839 2356 2032 2399 habeant

307 2431 628 2485 imperpetuum
662 2444 794 2470 unam
829 2430 958 2470 aliam
995 2429 1144 2470 feriam
1182 2431 1223 2470 in
1259 2431 1413 2471 eadem
1448 2430 1551 2470 villa
1579 2431 1761 2483 singulis
1796 2431 1920 2471 annis
1956 2445 2032 2485 per

306 2505 554 2558 quindecim
588 2505 680 2545 dies
712 2505 977 2553 duraturam,
1010 2504 1222 2553 videlicet,
1256 2504 1297 2544 in
1326 2504 1483 2557 vigilia,
1514 2505 1555 2544 in
1583 2505 1663 2553 die,
1694 2512 1736 2545 et
1766 2505 1807 2545 in
1841 2506 2031 2547 crastino

306 2578 402 2619 festi
456 2579 606 2621 Sancti
661 2579 885 2619 Edmundi
936 2578 1069 2632 Regis
1117 2585 1160 2619 et
1207 2578 1410 2627 Martiris‚
1453 2585 1496 2619 et
1545 2592 1621 2631 per
1662 2579 1894 2619 duodecim
1937 2580 2029 2620 dies

305 2660 547 2707 sequentes,
586 2667 684 2693 cum
722 2653 926 2694 omnibus
969 2653 1242 2694 libertatibus
1280 2659 1323 2693 et
1361 2653 1505 2693 liberis
1543 2653 1932 2694 consuetudinibus
1973 2655 2028 2694 ad

306 2727 557 2780 hujusmodi
595 2726 745 2767 feriam
784 2727 1115 2780 pertinentibus,
1154 2727 1234 2767 nisi
1273 2725 1378 2766 feria
1415 2726 1488 2766 illa
1524 2727 1579 2767 sit
1620 2727 1675 2767 ad
1713 2734 2027 2768 nocumentum

305 2802 544 2842 vicinarum
589 2800 803 2849 feriarum,
847 2801 958 2841 sicut
995 2801 1267 2853 praedictum
1307 2806 1381 2841 est.
1462 2800 1561 2841 Hiis
1598 2801 1808 2841 testibus:
1851 2814 2028 2842 venera—

305 2876 463 2917 bilibus
505 2876 702 2929 patribus
746 2875 979 2928 R[oberto]
1025 2874 1308 2915 Bathoniensi
1353 2881 1396 2914 et
1441 2873 1661 2922 Wellensi,
1704 2881 1747 2915 et
1788 2874 2026 2929 A[ntonio]

306 2950 609 2999 Dunolmensi,
646 2949 888 3002 Episcopis,
931 2948 1106 2989 Thoma
1148 2949 1202 2988 de
1246 2947 1382 2997 Clare,
1431 2948 1599 2989 Ottone
1640 2947 1695 2988 de
1737 2948 2025 2997 Grandisono,

302 3023 505 3076 johanne
537 3024 592 3063 de
623 3023 781 3075 Vescy,
807 3022 1003 3062 Roberto
1035 3022 1226 3071 Tibetot,
1253 3021 1449 3062 Roberto
1472 3020 1559 3062 filio
1590 3021 1815 3074 Johannis,
1845 3029 1889 3063 et
1921 3022 2023 3063 aliis.

305 3098 471 3139 Datum
510 3103 559 3137 ut
591 3104 721 3149 supra
756 3096 844 3149 [2'.e.‚
884 3096 1074 3136 ‘Datum
1111 3109 1187 3148 per
1224 3107 1403 3134 manum
1442 3101 1636 3134 nostram
1675 3096 1792 3147 apud
1828 3096 2024 3145 Lincoln,

303 3170 376 3225 xij.
402 3172 471 3212 die
496 3170 716 3211 Februarii
733 3170 770 3223 '].
1178 3169 1275 3210 Rot.
1302 3168 1576 3217 Chartarum,
1605 3180 1651 3208 12
1678 3169 1756 3209 Ed.
1784 3169 1826 3218 I.‚
1851 3168 1932 3209 No.
1961 3178 2021 3220 51.

966 3334 973 3347 ¹
998 3331 1106 3371 quaed
1127 3330 1226 3370 ‘qui,'
1244 3331 1316 3361 MS.
