2198 3845
283 407 338 447 70
547 408 766 442 RECORDS
799 409 859 441 OF
892 410 992 441 THE
1024 410 1261 443 BOROUGH
1293 411 1354 443 OF
1389 410 1736 443 NOTTINGHAM.
1871 400 1998 454 [1311

283 529 525 580 Moniasch,
563 538 606 572 et
646 532 847 573 Nicholai
884 532 1123 582 Auntrous,
1156 533 1229 586 qui
1267 533 1485 584 dixerunt,
1518 546 1646 587 super
1682 538 2004 573 sacramentum

283 616 421 653 suum,
456 606 573 658 quod
619 606 822 647 Matillda
866 606 1058 660 Pophers
1101 607 1406 649 accomodavit
1447 607 1590 650 dictae
1634 607 1800 648 Elenae
1842 606 2005 647 dictam

284 679 620 731 supertunicam,
653 686 696 720 et
728 680 846 733 quod
878 679 982 721 dicti
1020 681 1267 722 NVillelmus
1301 681 1435 724 Soule
1466 688 1510 723 et
1544 681 1683 723 Elena
1714 687 1815 722 sunt
1847 679 2006 729 fideles,

286 757 328 792 et
351 765 437 792 non
462 751 661 794 latrones.
727 753 834 794 Ideo
857 755 1062 796 recedant
1084 755 1249 808 quieti.1
1719 765 1835 807 1252,
1860 769 1914 795 ro.
1942 754 2006 806 3d.

512 1000 1051 1055 XXXL—Appoz'ntmcnt
1070 1003 1124 1054 of
1141 1002 1368 1043 Gnardian
1392 1003 1527 1055 before
1549 1003 1615 1044 tlte
1641 1003 1777 1045 Court.

928 1093 1092 1142 1308-9‚
1115 1093 1311 1146 January
1335 1105 1396 1133 22.

375 1197 449 1239 Ad
483 1198 611 1239 istam
647 1199 821 1241 Curiam
860 1200 978 1241 venit
1014 1201 1249 1253 Johannes,
1280 1201 1391 1242 filius
1426 1201 1586 1255 Rogeri
1609 1202 1664 1242 de
1704 1201 1946 1250 Henovere,
1970 1207 2013 1241 et

287 1272 388 1313 fecit
420 1273 647 1314 custodem
681 1287 805 1315 suam
841 1274 1017 1324 Rosam,
1051 1282 1234 1316 matrem
1269 1289 1403 1325 suam,
1423 1276 1477 1316 ad
1510 1275 1761 1316 habendum
1794 1282 1837 1316 et
1869 1281 2012 1316 custo-

288 1346 496 1387 diendum
528 1353 669 1388 totum
702 1348 806 1389 illud
841 1349 1125 1403 mesuagium,
1149 1363 1246 1390 cum
1281 1349 1563 1403 pertinentiis,
1587 1350 1704 1403 quod
1740 1350 1937 1404 Rogerus
1959 1350 2014 1391 de

293 1421 536 1471 Henovere,
560 1428 683 1475 pater
712 1423 921 1477 praedicti
952 1423 1177 1477 Johannis,
1202 1424 1242 1464 in
1276 1424 1389 1465 Foro
1423 1424 1637 1467 Sabbathi
1671 1423 2015 1477 Notinghamiae

291 1498 412 1538 dedit
434 1505 476 1539 et
499 1498 660 1551 legavit
683 1499 724 1539 in
749 1505 1016 1541 testamento
1038 1513 1125 1540 suo.
1758 1509 1873 1550 1252,
1897 1512 1952 1539 ro.
1976 1511 2012 1549 4.

336 1820 736 1873 XXXIL—Rzglct
756 1821 810 1872 of
821 1820 1042 1861 Kinsmcm
1066 1828 1105 1861 to
1128 1822 1287 1862 redeam
1310 1822 1517 1875 Propem‘y
1537 1822 1632 1862 sold
1649 1822 1698 1874 by
1717 1835 1744 1861 a
1766 1821 1974 1862 Relation.

909 1922 1101 1962 1310-11‚
1124 1912 1321 1965 January
1345 1923 1406 1953 20.

383 2017 532 2059 Adam
568 2018 740 2070 Remay
771 2018 890 2059 venit
919 2024 961 2060 et
998 2018 1268 2072 calumpniat
1306 2033 1440 2060 unum
1480 2019 1751 2072 mesuagium
1790 2033 1888 2060 cum
1927 2033 2020 2073 per-

296 2092 490 2133 tinentiis
515 2092 555 2132 in
582 2092 867 2145 Notingham,
886 2093 1004 2146 quod
1031 2093 1247 2134 Henricus
1267 2093 1461 2136 Gibsone
1483 2093 1589 2135 emit
1606 2094 1661 2134 de
1686 2093 1813 2135 Petro
1838 2094 2022 2147 Remay,

297 2167 624 2221 consanguineo
656 2167 865 2220 praedicti
903 2166 1043 2216 Adae,
1082 2174 1124 2208 et
1156 2167 1315 2221 optulit
1348 2174 1576 2221 argentum
1616 2181 1694 2221 pro
1726 2168 1844 2209 dicto
1882 2181 2022 2208 mesu-

298 2242 397 2295 agio
426 2243 589 2283 datum.
656 2242 714 2283 Et
744 2242 991 2295 praedictus
1027 2243 1244 2284 Henricus
1276 2242 1404 2291 venit,
1435 2249 1477 2283 et
1504 2242 1613 2295 petit
1645 2248 1875 2296 argentum
1905 2242 2023 2296 quod

299 2316 421 2356 dedit
463 2330 541 2369 pro
584 2316 809 2369 praedicto
852 2316 1087 2370 mesuagio,
1129 2316 1256 2357 simul
1300 2329 1398 2357 cum
1441 2316 1647 2370 custagiis
1689 2330 1818 2369 super
1858 2316 2024 2357 dictum

302 2391 574 2443 mesuagium
599 2390 762 2444 positis,
785 2391 1025 2431 secundum
1055 2390 1417 2431 consuetudinem
1448 2390 1575 2431 villae
1599 2390 1906 2443 Notingham.²
1968 2390 2026 2430 Et

302 2465 627 2506 consideratum
650 2471 715 2505 est
738 2465 855 2518 quod
886 2465 1133 2518 praedictus
1166 2464 1383 2505 Henricus
1414 2463 1529 2517 juret
1551 2470 1764 2517 quantum
1796 2469 2025 2517 argentum

304 2539 425 2580 dedit
457 2553 535 2591 pro
568 2539 792 2592 praedicto
822 2538 1057 2592 mesuagio,
1081 2545 1122 2579 et
1146 2545 1311 2592 quanta
1343 2538 1540 2591 custagia
1571 2538 1716 2591 posuit
1748 2551 1877 2591 super
1906 2551 2027 2591 prae-

305 2613 470 2653 dictum
503 2612 774 2665 mesuagium
795 2627 802 2662 ;
835 2618 878 2653 et
900 2612 1041 2653 dictus
1074 2612 1290 2653 Henricus
1317 2612 1444 2665 jurat,
1468 2617 1510 2652 et
1533 2611 1638 2652 dicit
1659 2612 1777 2665 quod
1801 2612 1922 2653 dedit
1951 2625 2030 2666 pro

306 2687 531 2741 praedicto
561 2686 786 2739 mesuagio
814 2686 867 2739 vj.
893 2699 1060 2728 marcas
1093 2692 1135 2727 et
1168 2686 1255 2726 xld.
1282 2687 1411 2727 Petro
1441 2685 1623 2738 Remay,
1647 2691 1690 2726 et
1722 2685 1868 2738 posuit
1900 2698 2030 2739 super

308 2762 473 2803 dictum
508 2760 779 2813 mesuagium
813 2761 1011 2813 custagia
1047 2761 1102 2801 ad
1139 2760 1374 2801 valentiam
1412 2774 1446 2800 v.
1482 2772 1724 2800 marcarum
1759 2765 1801 2800 et
1836 2760 1955 2809 xxd.‚
1988 2766 2032 2800 et

308 2837 419 2889 petit
452 2842 624 2877 tantum
659 2841 900 2888 argentum,
934 2835 1173 2875 secundum
1209 2833 1570 2875 consuetudinem
1603 2833 1738 2873 villae.
1816 2833 1874 2874 Et
1908 2847 2030 2887 prae-

309 2910 451 2951 dictus
480 2909 630 2950 Adam
663 2909 792 2957 venit,
816 2915 858 2950 et
887 2908 992 2950 dicit
1024 2909 1141 2962 quod
1171 2908 1442 2962 praedictum
1477 2907 1748 2961 mesuagium
1782 2921 1857 2961 per
1889 2907 2030 2961 ipsum

310 2983 541 3036 pejoratur,
571 2990 614 3023 et
643 2996 730 3023 non
761 2984 1028 3032 emendatur,
1059 2996 1134 3035 per
1164 2982 1281 3035 quod
1311 2981 1508 3034 custagia
1536 2981 1763 3035 habere[t],
1794 2988 1836 3022 et
1865 2982 1919 3022 de
1950 2981 2032 3021 hoc

311 3057 421 3110 petit
440 3056 662 3110 judicium.
1777 3065 1893 3107 1253,
1916 3069 1971 3096 ro.
1995 3068 2031 3106 4.

377 3207 386 3222 ¹
410 3203 540 3245 qm'etz',]
561 3204 568 3218 ‘
580 3201 732 3244 quietos,’
749 3202 822 3235 MS.
1243 3207 1371 3233 nearest
1402 3201 1488 3232 heirs
1526 3201 1630 3243 might
1662 3201 1808 3243 lawfully
1839 3207 1930 3234 enter
1966 3202 2036 3234 into

377 3262 389 3275 ²
414 3259 443 3289 It
461 3267 526 3288 was
539 3257 639 3288 found
661 3257 705 3297 by
717 3267 735 3287 a
748 3257 833 3298 jury,
851 3265 887 3288 21
904 3256 1047 3288 Edward
1062 3256 1103 3295 I.‚
1242 3256 1322 3287 such
1339 3256 1433 3287 lands
1449 3256 1513 3287 and
1527 3261 1721 3294 tenements‚
1738 3256 1766 3287 if
1778 3257 1855 3298 they
1867 3257 1989 3288 offered
2002 3263 2037 3288 to

312 3311 382 3342 that
400 3311 423 3342 it
442 3321 507 3341 was
524 3321 541 3340 a
559 3315 686 3341 custom
703 3309 736 3340 in
760 3309 979 3351 Nottingham
997 3310 1066 3342 that
1084 3311 1111 3342 if
1243 3311 1298 3342 the
1329 3311 1514 3352 purchaser,
1547 3310 1580 3342 in
1613 3310 1668 3342 the
1701 3311 1880 3342 Gitd-Han
1910 3311 1947 3342 of
1981 3311 2036 3342 the

310 3375 328 3395 a
354 3374 471 3405 person
498 3363 568 3394 sold
593 3363 644 3394 his
669 3363 746 3394 land
773 3362 805 3394 in
833 3363 902 3395 that
929 3370 1028 3402 town,
1056 3365 1106 3396 his
1243 3373 1342 3404 town,
1363 3366 1418 3397 the
1441 3376 1561 3406 money
1582 3365 1688 3397 which
1715 3366 1757 3397 he
1780 3365 1844 3396 had
1867 3365 1964 3406 given
1988 3365 2036 3396 for
