2198 3845
269 410 350 451 250
531 412 749 445 RECORDS
782 414 841 445 OF
874 414 973 444 THE
1007 413 1242 445 BOROL'GH
1275 413 1335 444 OF
1369 413 1715 445 NOTTINGHAM.
1849 402 1980 455 [1390

267 537 527 583 tenementa‚
558 547 655 574 cum
688 535 879 587 gardinis
912 542 954 576 et
990 535 1192 575 omnibus
1222 534 1314 574 aliis
1350 534 1437 575 suis
1472 533 1752 588 pertinentiis,
1785 532 1980 586 praefato

265 605 467 658 Johanni,
505 607 734 649 heredibus
772 616 814 650 et
852 609 1082 662 assignatis
1119 609 1216 657 suis,
1254 609 1309 649 de
1345 608 1603 662 capitalibus
1640 607 1828 648 dominis
1864 606 1979 647 feodi

266 679 378 719 illius
407 694 483 733 per
511 683 684 722 servitia
713 683 813 723 inde
835 683 983 723 debita
1011 690 1054 723 et
1083 683 1137 723 de
1162 683 1256 736 jure
1285 690 1503 731 consueta,
1527 683 1857 736 imperpetuum.
1921 681 1980 720 Et

266 766 347 806 ego
379 768 480 794 vero
512 756 758 808 praedictus
791 756 925 809 Hugo
954 764 997 797 et
1025 756 1204 797 heredes
1235 757 1317 797 mei
1347 757 1570 810 praedicta
1597 762 1858 804 tenementa,
1881 767 1979 794 cum

265 827 457 880 gardinis
480 835 523 868 et
545 829 746 869 omnibus
770 829 862 870 aliis
885 830 972 870 suis
995 830 1277 883 pertinentiis,
1301 830 1497 883 praefato
1525 830 1727 883 Johanni,
1749 827 1980 869 heredibus

266 908 309 940 et
331 901 562 953 assignatis
585 902 682 951 suis,
706 910 856 943 contra
885 917 1037 943 omnes
1067 911 1219 957 gentes
1248 904 1625 945 warantisabimus
1648 904 1978 955 imperpetuum.

268 975 317 1014 In
342 975 462 1027 cujus
486 976 542 1014 rei
567 976 864 1016 testimonium
889 977 986 1017 huic
1009 979 1225 1030 praesenti
1249 984 1394 1018 cartae
1415 978 1603 1031 sigillum
1623 989 1768 1016 meum
1787 975 1979 1028 apposui.

268 1047 366 1087 Hiis
404 1048 604 1088 testibus:
650 1050 845 1090 Roberto
883 1051 1063 1103 Squyer,
1102 1058 1204 1092 tunc
1244 1052 1412 1104 Majore
1446 1051 1572 1092 villae
1611 1050 1980 1103 Notynghamiae‚

269 1121 460 1174 Hugone
501 1122 556 1162 de
599 1123 792 1176 Lyndby
828 1130 870 1165 ct
912 1125 1134 1165 willelmo
1184 1126 1374 1175 Farwell,
1417 1133 1519 1166 tunc
1562 1125 1737 1165 Ballivis
1784 1124 1980 1176 ejusdem

263 1194 401 1243 villae,
430 1195 632 1247 Johanne
666 1197 842 1245 Samon,
877 1198 1054 1247 seniore,
1088 1199 1290 1251 Johanne
1326 1200 1634 1247 Croweshawe,
1669 1197 1891 1238 willelmo
1927 1197 1982 1237 de

267 1268 434 1322 Emley,
462 1269 654 1310 Henrico
686 1271 740 1310 de
775 1271 1008 1324 Plumptre,
1033 1272 1207 1313 Thoma
1237 1274 1292 1313 de
1322 1273 1506 1322 Bothall,
1536 1272 1758 1312 willelmo
1794 1270 1981 1323 Botyler,

263 1342 466 1395 Johanne
498 1343 678 1397 Remay,
706 1351 748 1385 et
777 1345 879 1384 aliis.
945 1346 1109 1386 Datum
1144 1348 1260 1400 apud
1296 1347 1583 1400 Notyngham
1618 1346 1658 1386 in
1689 1345 1800 1385 festo
1831 1344 1981 1386 Sancti

265 1416 472 1457 Andreae
501 1417 718 1470 Apostoli,
742 1432 857 1458 anno
887 1420 1005 1472 regni
1039 1420 1172 1473 Regis
1207 1421 1381 1461 Ricardi
1416 1420 1605 1462 Secundi
1629 1418 1982 1472 qua1·todecimo.'

266 1491 324 1531 Et
354 1491 395 1531 in
425 1505 510 1544 qua
539 1493 715 1545 quidem
747 1493 876 1534 Curia
905 1494 1022 1534 venit
1051 1495 1229 1548 quidam
1264 1496 1460 1548 Rogerus
1491 1495 1681 1542 Masson,
1711 1493 1765 1533 de
1796 1491 1982 1544 Noting-

264 1565 377 1615 ham,
401 1572 646 1606 attornatus
669 1567 877 1619 praedicti
905 1568 1108 1620 Hugonis
1131 1569 1185 1609 de
1214 1569 1438 1609 XVollaton
1463 1568 1503 1607 in
1528 1567 1608 1607 hac
1631 1572 1763 1619 parte,
1782 1565 1855 1618 qui
1877 1565 1983 1605 dicit

263 1639 426 1679 dictam
464 1646 627 1680 cartam
661 1640 750 1680 fore
787 1640 949 1681 factum
987 1649 1030 1682 et
1067 1656 1320 1682 concessum
1359 1642 1554 1695 ejusdem
1596 1639 1809 1693 Hugonis‚
1847 1645 1889 1679 et
1925 1652 1981 1687 se,

264 1712 360 1752 loco
389 1719 431 1753 et
461 1713 637 1753 nomine
666 1713 799 1766 ipsius
834 1714 1047 1767 HugoniS,
1077 1716 1195 1756 dicto
1223 1716 1414 1768 Johanni
1444 1715 1498 1755 de
1531 1714 1763 1767 Plumptre,
1788 1713 1829 1752 in
1860 1726 1981 1765 prae-

263 1786 403 1826 sentia
434 1787 755 1839 praedictorum
789 1788 969 1840 Majoris
1002 1795 1044 1829 et
1079 1789 1354 1838 Ballivorum,
1385 1789 1588 1830 seisinam
1622 1786 1847 1841 pacificam
1881 1787 1982 1826 inde

263 1862 492 1902 tradidisse
514 1868 557 1902 et
579 1862 850 1911 deliberasse,
875 1864 990 1904 unde
1012 1864 1128 1904 dicta
1152 1864 1393 1905 irrotulatio
1415 1878 1440 1904 a
1463 1863 1635 1904 nemine
1658 1863 1906 1915 denegatur.

1726 1947 1840 1986 1291,
1865 1949 1920 1975 ro.
1945 1935 1979 1975 6.

961 1995 1205 2035 December
1229 2007 1290 2046 24.

349 2081 423 2122 Ad
458 2082 586 2123 istam
624 2083 799 2124 Curiam
835 2085 953 2125 venit
986 2085 1210 2138 Johannes
1244 2086 1298 2125 de
1335 2085 1568 2137 Plumptre,
1591 2085 1646 2124 de
1679 2082 1980 2136 Notyngham,

263 2161 305 2195 et
337 2156 446 2208 petit
475 2157 592 2208 quod
627 2157 835 2210 scriptum
866 2158 1038 2210 quietae
1071 2159 1345 2198 clamationis
1375 2159 1455 2198 sibi
1489 2157 1735 2198 confectum
1766 2156 1980 2196 irrotulari

261 2229 342 2269 sub
364 2229 444 2269 hac
467 2243 578 2282 quae
601 2231 794 2282 sequitur
816 2230 965 2280 forma,
988 2232 1209 2272 videlicet:
1242 2236 1250 2251 ‘
1265 2232 1482 2274 Omnibus
1514 2231 1672 2273 Christi
1697 2229 1895 2270 fidelibus
1925 2230 1979 2269 ad

261 2315 370 2355 quos
399 2316 602 2355 praesens
631 2304 840 2356 scriptum
871 2306 1124 2357 pervenerit,
1151 2306 1348 2358 Rogerus
1379 2307 1570 2353 Masson‚
1594 2305 1649 2344 de
1679 2303 1979 2356 Notyngham‚

261 2375 445 2416 salutem
469 2376 510 2416 in
537 2377 739 2416 Domino.
804 2378 1023 2418 Noveritis
1054 2392 1122 2418 me
1152 2380 1376 2428 remisisse,
1400 2379 1630 2427 relaxasse,
1654 2385 1696 2418 et
1725 2377 1904 2417 omnino
1926 2377 1980 2417 de

261 2462 331 2489 me
363 2456 406 2490 et
443 2449 673 2490 heredibus
707 2450 813 2489 meis
852 2451 1171 2504 imperpetuum
1211 2453 1405 2505 quietum
1444 2453 1664 2499 clamasse,
1698 2450 1889 2504 Johanni
1926 2450 1981 2490 de

263 2522 496 2574 Plumptre,
533 2523 588 2562 de
631 2523 916 2576 Notingham,
958 2532 1001 2564 et
1042 2525 1274 2565 heredibus
1316 2527 1413 2575 suis,
1456 2532 1597 2566 totum
1637 2525 1707 2577 jus
1750 2537 1895 2564 meum
1937 2530 1980 2564 et

259 2596 473 2635 clameum
512 2609 623 2648 quae
659 2596 810 2645 habeo,
843 2597 985 2646 habui,
1019 2611 1092 2638 seu
1130 2599 1297 2638 ratione
1333 2599 1645 2651 cujuscumque
1678 2597 1784 2650 juris
1820 2596 1980 2636 habere

259 2675 423 2721 potero,
466 2669 507 2708 in
550 2669 720 2709 duobus
770 2671 1031 2711 tenementis
1080 2671 1207 2711 simul
1253 2672 1509 2724 jacentibus,
1552 2685 1651 2711 cum
1702 2670 1894 2723 gardinis
1936 2676 1980 2710 et

259 2741 462 2780 omnibus
498 2741 591 2781 aliis
628 2742 900 2794 pertinentiis
943 2744 1040 2792 suis,
1079 2745 1119 2784 in
1166 2745 1442 2797 Fisshergate
1483 2745 1538 2784 ad
1576 2744 1706 2783 finem
1748 2744 1894 2796 pontis
1936 2743 1978 2782 in

261 2813 562 2865 Notyngham,
597 2814 708 2854 inter
744 2816 976 2868 Hospitale
1016 2817 1178 2857 Beatae
1211 2818 1405 2870 Virginis
1444 2818 1611 2857 Mariae
1647 2831 1704 2857 ex
1741 2817 1977 2865 occidente,

259 2893 302 2927 et
340 2887 611 2939 mesuagium
651 2888 852 2928 Nicholai
892 2890 1075 2939 Bernak,
1106 2891 1160 2930 de
1197 2891 1438 2938 &Vatnowq
1468 2897 1510 2930 et
1549 2889 1792 2942 Margeriae
1829 2889 1978 2929 uxoris

258 2960 351 3011 ejus
383 2973 439 2999 ex
473 2960 649 3008 oriente,
673 2967 715 3000 et
745 2963 1087 3002 extendentibus
1118 2977 1142 3002 a
1172 2963 1241 3003 via
1270 2963 1388 3015 regia
1416 2976 1552 3014 usque
1581 2963 1635 3002 ad
1666 2961 1876 3002 fossatum
1907 2961 1976 3001 del

259 3033 543 3084 Buttgreene;
574 3032 633 3072 ita
655 3034 771 3085 quod
795 3047 874 3073 nec
897 3048 978 3086 ego
1001 3036 1142 3075 dictus
1168 3036 1366 3088 Rogerus
1389 3049 1467 3074 nec
1489 3035 1670 3075 heredes
1693 3035 1777 3074 mei
1799 3035 1976 3087 aliquod

253 3104 323 3157 jus
357 3118 430 3144 seu
465 3105 681 3145 clameum
720 3107 761 3146 in
796 3108 1029 3158 praedictis
1063 3109 1325 3148 tenementis
1362 3121 1460 3147 cum
1495 3108 1767 3160 pertinentiis
1801 3108 1978 3160 exigere

256 3178 495 3230 poterimus
517 3178 584 3217 vel
607 3179 836 3219 vendicare
865 3180 906 3219 in
931 3180 1134 3229 futurum,
1157 3187 1223 3221 set
1252 3181 1432 3220 omnino
1460 3181 1594 3220 simus
1624 3180 1789 3220 exclusi
1819 3181 1976 3233 imper—

257 3257 448 3303 petuum.
514 3251 564 3290 In
598 3251 719 3304 cujus
752 3253 810 3292 rei
840 3253 1140 3293 testimonium
1171 3254 1388 3306 praesenti
1418 3254 1579 3306 scripto
1608 3253 1797 3306 sigillum
1829 3267 1974 3293 meum

257 3325 448 3376 apposui.
516 3324 613 3363 Hiis
651 3325 854 3365 testibus:
894 3326 1088 3366 Roberto
1126 3327 1307 3378 Squyer,
1338 3333 1440 3366 tunc
1474 3326 1643 3378 Majore
1678 3326 1973 3379 Notingham',
