2198 3845
349 426 428 465 144
610 424 829 456 RECORDs
861 423 921 456 OF
953 423 1054 454 THE
1086 422 1321 454 BOROUGH
1354 421 1414 454 OF
1448 421 1796 453 NOTTINGHAM.
1931 411 2061 464 [1348

343 559 508 595 namus,
533 546 815 595 decernimus,
839 544 1158 593 confirmamus
1177 544 1489 596 emologamus,
1514 542 1789 593 ratificamus,
1813 542 2066 596 pronuntia-

344 632 450 668 mus,
473 625 516 659 et
547 620 678 660 etiam
709 619 947 659 diffinimus
978 619 1019 658 in
1049 618 1129 657 hiis
1159 618 1338 670 scriptis,
1359 617 1464 670 jure,
1485 617 1796 670 jurisdictione,
1819 616 2066 670 privilegiis,

342 692 516 742 honore,
551 700 593 733 et
627 693 842 746 dignitate
878 692 1035 732 nostris
1069 698 1112 732 et
1145 705 1444 731 successorum
1481 697 1740 739 nostrorum,
1777 704 1826 731 ac
1861 689 2068 730 ecclesiae

343 772 516 806 nostrae
540 766 827 806 Eboracensis
851 766 1109 814 antedictae,
1133 765 1174 805 in
1198 765 1402 805 omnibus
1425 778 1598 817 semper
1619 764 1757 804 salvis.
1813 765 1863 804 In
1882 777 2066 816 quorum

342 839 537 879 omnium
560 839 860 879 testimonium
883 839 961 879 has
991 839 1155 879 litteras
1179 845 1348 879 nostras
1372 845 1574 891 patentes
1598 837 1686 878 fieri
1710 851 1759 878 ac
1782 838 1917 878 nostri
1939 838 2067 890 sigilli

343 913 610 965 appensione
655 912 834 952 fecimus
881 913 1151 952 communiri.
1237 913 1403 953 Datum
1451 912 1567 965 apud
1616 911 1815 960 Cawode,
1862 911 2068 951 vicesimo

343 986 530 1039 septimo
553 987 623 1026 die
646 987 805 1026 mensis
831 987 1114 1039 Septembris,
1139 1000 1254 1026 anno
1279 987 1460 1026 Domini
1485 986 1716 1026 millesimo
1739 985 2069 1026 trescentesimo

343 1060 679 1112 quadragesimo
703 1060 840 1110 tertio,
863 1067 905 1100 et
928 1059 1209 1113 pontificatus
1232 1060 1367 1100 nostri
1391 1060 1594 1100 secundo.
1944 1069 2066 1109 4391.

634 1305 715 1344 LX
725 1305 910 1344 VIII.——
920 1305 1131 1356 Transfer
1149 1305 1204 1355 of
1214 1319 1241 1344 a
1268 1304 1503 1346 Coal-mz'ne
1523 1310 1571 1344 at
1595 1304 1764 1346 Cossall.

1045 1396 1159 1444 1348,
1183 1394 1296 1446 June
1322 1395 1383 1433 26.

433 1500 650 1541 Omnibus
684 1500 843 1541 Christi
878 1499 1076 1539 fidelibus
1111 1500 1165 1539 ad
1197 1513 1306 1552 quos
1336 1512 1540 1552 praesens
1573 1499 1781 1551 scriptum
1814 1499 2067 1552 pervenerit,

345 1573 591 1614 willelmus
614 1574 668 1613 de
699 1573 932 1625 Smalleye,
955 1573 1010 1612 de
1042 1572 1262 1625 Stanleye,
1287 1572 1472 1613 salutem
1505 1573 1546 1612 in
1579 1572 1782 1612 Domino.
1847 1573 2068 1613 Noveritis

347 1661 415 1687 me
452 1648 634 1696 dedisse,
671 1647 945 1694 concessisse,
984 1653 1026 1686 et
1064 1646 1146 1686 hoc
1184 1647 1401 1698 praesenti
1444 1645 1605 1698 scripto
1643 1659 1741 1685 meo
1777 1645 2068 1695 confirmasse,

350 1721 538 1761 Ricardo
569 1720 730 1768 Stotur,
754 1720 809 1760 de
841 1720 1125 1772 Notingham,
1151 1719 1267 1759 illam
1299 1720 1526 1759 dimidiam
1558 1725 1726 1772 partem
1758 1719 1949 1759 minerae
1978 1733 2068 1760 car-

347 1795 510 1834 bonum
555 1794 819 1833 marinorum
862 1800 904 1834 et
946 1793 1199 1841 culmorum,
1243 1807 1340 1833 cum
1390 1793 1672 1846 pertinentiis,
1715 1793 1757 1832 in
1799 1792 1901 1833 villa
1941 1799 1984 1834 et
2025 1793 2066 1833 in

348 1867 513 1920 campis
543 1868 597 1907 de
627 1866 816 1915 Cossale,
840 1880 971 1919 quam
1006 1867 1233 1915 Henricus,
1258 1866 1368 1906 filius
1393 1867 1505 1907 Petri
1536 1867 1590 1906 de
1621 1866 1809 1915 Cossale,
1832 1866 1985 1907 habuit
2013 1867 2069 1907 de

347 1942 464 1981 dono
493 1947 535 1981 et
565 1939 848 1980 feoffamento
882 1940 1070 1989 Hensici,
1102 1939 1173 1979 filii
1213 1940 1386 1980 Ricardi
1417 1940 1471 1980 de
1506 1940 1710 1982 Cossale:
1742 1940 1990 1981 habendam
2026 1948 2068 1982 et

346 2015 582 2055 tenendam
626 2013 894 2066 praedictam
937 2013 1164 2053 dimidiam
1212 2020 1381 2066 partem
1427 2014 1616 2054 minerae
1657 2014 1896 2054 carbonum
1940 2014 2067 2054 mari-

346 2102 500 2128 norum
543 2096 585 2129 et
628 2088 882 2135 culmorum,
926 2101 1023 2127 cum
1067 2088 1350 2140 pertinentiis,
1393 2088 1618 2140 praedicto
1666 2088 1855 2127 Ricardo
1902 2087 2064 2136 Stotur‚

345 2163 576 2203 heredibus
614 2170 655 2202 et
693 2162 924 2214 assignatis
967 2161 1064 2209 suis,
1102 2162 1156 2201 de
1193 2161 1453 2213 capitalibus
1490 2161 1679 2201 dominis
1717 2161 1908 2200 minerae
1944 2174 2065 2213 prae-

345 2236 487 2276 dictae
517 2236 556 2275 in
591 2236 744 2275 eadem
779 2235 917 2274 forma
952 2241 1079 2287 prout
1109 2235 1278 2286 plenius
1313 2235 1559 2275 continetur
1593 2234 1634 2274 in
1670 2234 1910 2274 indenturis
1943 2234 2067 2275 factis

346 2311 456 2350 inter
492 2308 727 2349 Ricardum
766 2309 820 2348 de
857 2308 1110 2361 Wilughby,
1150 2308 1343 2353 militem,
1375 2308 1603 2360 juniorem,
1640 2308 1830 2347 Priorem
1868 2315 1910 2348 et
1953 2309 2066 2350 Con-

345 2390 522 2424 ventum
561 2384 615 2424 de
657 2383 786 2423 Novo
830 2383 950 2422 Loco
988 2383 1029 2421 in
1069 2381 1305 2430 Schirwod,
1345 2381 1614 2421 &Villelmum
1652 2381 1706 2421 de
1744 2381 1923 2423 Cossale
1958 2382 2067 2422 Rec-

345 2464 482 2497 torem
509 2456 730 2496 Ecclesiae
752 2457 806 2496 de
830 2456 1101 2504 Sibbesdon',
1130 2456 1379 2508 Johannam
1404 2469 1587 2495 uxorem
1611 2455 1819 2495 willelmi
1843 2455 1916 2495 filii
1938 2455 2068 2497 Adae

345 2531 398 2570 de
434 2530 622 2578 Cossale,
653 2537 695 2570 et
733 2530 973 2570 Robertum
1006 2529 1141 2569 filium
1177 2530 1426 2582 praedictae
1459 2529 1700 2582 Johannae,
1730 2543 1787 2569 ex
1817 2543 1904 2569 una
1932 2536 2065 2582 parte,

345 2611 387 2644 et
412 2604 654 2644 Robertum
687 2603 869 2652 Plomer,
893 2604 946 2643 de
978 2603 1166 2651 Cossale,
1197 2609 1239 2643 et
1267 2603 1515 2655 Johannem
1548 2603 1787 2655 Shepherd‚
1817 2603 1871 2642 de
1900 2603 2065 2652 eadem,

345 2684 388 2718 et
410 2677 516 2717 alios
539 2684 788 2730 operatores
812 2678 955 2717 dictae
985 2677 1175 2717 minerae
1205 2677 1246 2716 in
1277 2677 1509 2729 praedictis
1539 2677 1780 2717 indenturis
1804 2677 2064 2726 nominatos,

345 2765 402 2791 ex
438 2751 582 2800 altera,
618 2751 759 2799 libere,
795 2751 950 2803 quiete,
985 2750 1096 2790 bene
1130 2757 1172 2790 et
1210 2750 1251 2790 in
1290 2763 1405 2803 pace.
1471 2750 1528 2789 Et
1566 2763 1648 2802 ego
1685 2763 1786 2789 vero
1820 2750 2066 2802 praedictus

346 2825 602 2874 XVillelmus,
639 2825 819 2865 heredes
861 2830 904 2865 et
947 2824 1155 2877 assignati
1194 2824 1288 2872 mei,
1323 2823 1592 2876 praedictam
1630 2822 1857 2863 dimidiam
1895 2829 2063 2875 partem

346 2899 536 2938 minerae
572 2898 810 2938 carbonum
850 2898 1115 2937 marinorum
1154 2903 1196 2938 et
1234 2897 1476 2937 culmorum
1514 2896 1699 2936 durante
1741 2895 1906 2935 minera
1943 2909 2064 2948 prae-

345 2972 472 3021 dicta,
495 2986 593 3011 cum
616 2972 898 3024 pertinentiis,
922 2978 969 3012 ut
1000 2971 1297 3024 supradictum
1328 2977 1403 3019 est,
1427 2970 1650 3023 praedicto
1683 2970 1872 3009 Ricardo
1903 2970 2065 3018 Stotur,

345 3045 575 3085 heredibus
609 3052 651 3085 et
689 3045 920 3097 assignatis
957 3045 1055 3093 suis,
1093 3051 1245 3084 contra
1281 3057 1433 3083 omnes
1467 3049 1619 3095 gentes
1653 3042 2064 3090 warrantizabimus,

346 3118 690 3170 acquietabimus
708 3124 750 3158 et
768 3117 1053 3158 defendemus
1076 3118 1408 3170 imperpetuum.
1463 3117 1513 3156 In
1538 3116 1659 3168 cujus
1683 3116 1741 3156 rei
1764 3116 2064 3156 testimonium

345 3191 647 3243 praesentibus
689 3191 877 3243 sigillum
921 3204 1066 3230 meum
1110 3190 1303 3243 apposui.
1369 3189 1466 3229 Hiis
1508 3189 1718 3229 testibus:
1772 3189 1967 3229 Roberto
2008 3189 2064 3229 de

347 3265 594 3313 Morewod’‚
636 3271 740 3304 tunc
792 3264 963 3316 Majore
1003 3264 1131 3304 villae
1178 3263 1474 3316 Notingham'‚
1520 3263 1710 3303 Ricardo
1759 3262 1974 3304 Sherman
2023 3269 2066 3302 et

349 3337 543 3378 Roberto
580 3338 634 3378 de
672 3337 918 3390 Brunneby,
956 3344 1059 3377 tune
1098 3337 1274 3377 Ballivis
1311 3336 1518 3390 ejusdem,
1554 3335 1757 3389 Johanne
1793 3336 1848 3376 de
1891 3336 2064 3384 Beston‚
