2198 3845
282 427 364 477 276
546 432 765 463 RECORDs
797 431 857 463 OF
889 431 989 461 THE
1022 429 1257 461 BOROUGH
1291 429 1351 460 OF
1386 427 1733 460 NOTTINGHAM.
1869 417 1996 471 [1395

365 557 489 604 Item,
531 555 681 595 dicunt
723 554 840 607 quod
893 551 1138 592 W'illelmus
1183 551 1327 591 Leche
1368 557 1411 591 et
1453 550 1650 591 Thomas
1693 550 1796 602 Kay
1838 548 2000 602 injuste

277 636 494 682 occupant
527 628 641 668 viam
676 627 839 680 regiam
874 625 955 666 sub
984 625 1211 677 cimyterio
1243 624 1464 665 Ecclesiae
1500 625 1662 664 Beatae
1697 623 1864 664 Mariae
1899 637 1998 663 cum

279 703 496 751 meremio,
535 703 589 742 ad
627 715 757 754 grave
799 705 1111 740 nocumentum
1154 698 1288 739 totius
1330 697 1480 751 populi
1522 697 1683 738 ibidem
1726 696 2002 746 transeuntis,

282 784 360 818 etc.

368 851 490 898 Item,
529 849 679 889 dicunt
716 847 832 900 quod
871 859 1006 886 unum
1044 845 1204 885 orrium
1241 845 1456 898 Johannis
1492 846 1547 886 de
1584 844 1900 898 XVapelington
1938 850 2004 885 est

279 924 438 977 injuste
472 922 748 964 aedificatum
786 934 914 974 super
951 933 1185 960 commune
1221 919 1377 960 solium
1411 920 1465 960 ad
1504 920 1542 960 16
1576 919 1914 972 Chappelbarre,
1947 918 2002 958 ad

280 1011 411 1050 grave
433 997 747 1050 praejudicium
774 995 899 1035 villae
922 994 1181 1047 praedictae,
1205 1000 1282 1034 etc.

369 1072 492 1119 Item,
523 1071 673 1111 dicunt
706 1070 822 1122 quod
857 1068 1081 1121 Johannes
1117 1068 1218 1107 Koo
1252 1067 1412 1120 injuste
1444 1066 1688 1108 aedificavit
1718 1079 1853 1107 unum
1886 1072 2005 1106 tene-

281 1151 477 1185 mentum
501 1145 542 1184 in
574 1145 611 1184 16
635 1143 876 1195 Castilgate
905 1155 1033 1194 super
1061 1154 1341 1181 communem
1372 1141 1498 1191 viam,
1522 1142 1576 1182 ad
1607 1154 1738 1194 grave
1767 1153 2006 1181 nocumen-

281 1221 374 1258 tum·
399 1226 441 1259 et
464 1217 779 1271 praejudicium
803 1216 930 1256 villae
952 1215 1211 1268 praedictae,
1235 1222 1312 1256 etc.

370 1294 492 1341 Item,
516 1293 666 1332 dicunt
698 1291 816 1343 quod
852 1290 1070 1330 Robertus
1105 1289 1286 1341 Squer
1318 1288 1418 1329 fecit
1451 1302 1586 1329 unum
1620 1302 1782 1329 novum
1804 1288 1932 1341 palys
1963 1287 2005 1327 in

281 1368 320 1408 le
353 1366 592 1419 Castilgate
625 1379 752 1418 super
778 1377 1058 1404 communem
1087 1363 1214 1412 viam,
1238 1363 1292 1403 ad
1323 1376 1454 1415 grave
1483 1370 1796 1404 nocumentum
1819 1369 1862 1403 et
1884 1375 2007 1415 prae-

278 1441 490 1493 judicium
515 1440 642 1479 villae
665 1439 924 1492 praedictae,
948 1444 1027 1478 etc.

370 1515 493 1562 Item,
517 1514 667 1554 dicunt
689 1513 805 1565 quod
830 1512 1025 1552 Thomas
1048 1511 1102 1551 de
1133 1510 1397 1563 Mappurley
1420 1510 1579 1563 injuste
1601 1509 1846 1551 aedificavit
1870 1523 2006 1550 unum

283 1595 582 1629 tenementum
626 1600 753 1640 super
795 1599 1028 1626 commune
1069 1585 1237 1634 solium,
1276 1585 1317 1624 in
1355 1598 1442 1637 quo
1483 1584 1708 1637 Johannes
1746 1583 2008 1624 Bridessalle

285 1669 486 1711 moratur,
526 1662 579 1702 ad
619 1674 749 1714 grave
792 1665 1105 1700 nocumentum
1149 1665 1191 1699 et
1234 1658 1547 1711 praejudicium
1586 1658 1713 1698 villae
1750 1658 2010 1711 praedictae,

285 1744 363 1778 etc.

372 1812 496 1859 Item,
519 1810 669 1851 dicunt
692 1809 808 1862 quod
833 1808 1029 1848 Thomas
1052 1807 1106 1847 de
1129 1806 1282 1847 Arnall
1314 1805 1473 1859 injuste
1502 1819 1600 1846 cum
1625 1804 1728 1846 fimo
1756 1811 1943 1859 occupat
1966 1811 2009 1846 et

284 1886 459 1926 obturat
502 1885 541 1924 le
584 1883 878 1936 Organlayne,
913 1895 989 1935 per
1030 1882 1146 1934 quod
1191 1882 1309 1921 vicus
1352 1881 1599 1933 praedictus
1642 1880 1918 1933 [obturatur],
1955 1881 2010 1920 ad

285 1974 417 2012 grave
449 1964 762 1998 nocumentum
796 1956 922 1996 villae
959 1956 1218 2009 praedictae,
1251 1962 1294 1996 et
1328 1955 1532 2008 cun[c]tis
1566 1955 1816 1995 hominibus
1849 1955 2010 1995 ibidem

287 2033 623 2081 transeuntibuS,
648 2038 724 2072 etc.

375 2109 498 2156 Item,
522 2107 672 2147 dicunt
694 2105 812 2158 quod
846 2103 1062 2144 Henricus
1085 2104 1140 2144 de
1168 2102 1396 2143 willeford
1427 2103 1602 2143 obturat
1632 2116 1730 2143 cum
1753 2102 2008 2155 cineri[bu]s

287 2183 347 2223 les
379 2180 708 2234 comyndikkes,
733 2186 775 2219 et
807 2179 925 2231 quod
957 2191 1110 2217 omnes
1133 2177 1205 2230 qui
1237 2177 1441 2217 abuttant
1471 2190 1599 2230 super
1628 2190 1701 2217 eos
1734 2182 1835 2217 sunt
1863 2176 2010 2230 culpa-

287 2256 404 2305 biles,
429 2256 482 2295 ad
506 2267 637 2308 grave
659 2258 972 2293 nocumentum
996 2251 1124 2292 villae
1146 2251 1405 2304 praedictae,
1429 2257 1506 2291 etc.

376 2330 499 2378 Item,
529 2328 679 2368 dicunt
711 2326 828 2379 quod
862 2325 1086 2378 Johannes
1121 2325 1299 2374 Samon,
1329 2325 1482 2374 senior,
1509 2331 1551 2366 et
1582 2324 1807 2377 Johannes
1841 2326 2011 2367 Crawe-

289 2403 472 2456 schagth
505 2402 669 2442 cariant
701 2407 743 2440 et
772 2400 942 2453 jactant
972 2398 1122 2439 fimum
1156 2406 1198 2439 et
1230 2400 1394 2439 cineres
1423 2406 1466 2440 et
1495 2399 1660 2439 weddes
1690 2399 1731 2439 in
1762 2399 1801 2439 le
1831 2413 2011 2453 comyn-

289 2476 444 2517 dikkes
467 2482 508 2516 et
531 2476 572 2515 in
597 2475 685 2515 alta
707 2474 786 2523 via,
810 2475 864 2514 ad
888 2487 1019 2526 grave
1042 2480 1355 2514 nocumentum
1379 2473 1507 2513 villae
1528 2473 1788 2526 praedictae,
1812 2480 1890 2514 etc.

377 2551 500 2598 Item,
543 2549 693 2589 dicunt
734 2548 852 2601 quod
907 2547 1095 2588 Isabella
1146 2548 1200 2588 de
1253 2547 1420 2597 Belton,
1473 2547 1618 2588 Alicia
1668 2547 1832 2597 Anker,
1876 2547 2013 2588 Anna

293 2624 556 2672 Hukkester,
595 2622 782 2662 Matilda
825 2621 1067 2663 Okkebrok
1109 2635 1222 2662 uxor
1264 2622 1397 2662 Alani
1442 2622 1606 2671 Culchi,
1645 2622 1858 2663 Katerina
1899 2636 2014 2662 uxor

293 2699 467 2739 Ricardi
502 2697 698 2750 Byrford,
732 2711 917 2746 masson,
954 2697 1082 2737 Ibota
1115 2711 1228 2737 uxor
1263 2697 1478 2750 Johannis
1507 2697 1725 2750 Albayne,
1761 2698 2014 2750 Margareta

292 2772 460 2821 Glover,
479 2771 666 2811 Matilda
690 2770 904 2823 Skynner,
926 2771 1112 2811 Isabella
1134 2785 1247 2811 uxor
1268 2771 1483 2825 Johannis
1509 2771 1771 2825 Hakkenay,
1792 2772 2012 2813 Robertus

292 2846 463 2894 Ostiler,
506 2851 548 2885 et
593 2844 809 2884 Henricus
851 2845 906 2885 de
957 2844 1218 2898 Hykkeling
1258 2852 1360 2886 sunt
1402 2859 1657 2886 communes
1699 2845 2014 2886 forstallatores

291 2932 507 2968 aucarum,
537 2932 765 2971 caponum,
789 2918 1060 2971 gallinarum,
1083 2918 1760 2975 pullalariorumsjcolumbarum,
1785 2927 1829 2961 et
1860 2919 2013 2961 talium

293 2992 545 3033 victualium
570 2998 670 3032 ante
692 2991 844 3032 horam
868 2992 1074 3041 debitam,
1098 3000 1175 3034 etc.

383 3066 506 3114 Item,
548 3065 698 3105 dicunt
739 3066 856 3117 quod
908 3066 1154 3106 XVillelmus
1196 3067 1251 3107 de
1295 3067 1584 3117 Pountefract,
1627 3068 1774 3121 spicer,
1819 3067 2016 3108 Thomas

298 3139 521 3191 Spondon,
545 3145 587 3178 et
619 3138 814 3178 Thomas
837 3140 909 3191 qui
942 3141 1165 3192 quondam
1190 3140 1269 3181 fuit
1301 3155 1448 3181 servus
1481 3142 1660 3182 Henrici
1689 3143 1744 3182 de
1775 3140 2016 3190 Willeford,

295 3218 395 3253 sunt
427 3225 680 3252 communes
712 3212 1023 3254 forstallatores
1055 3214 1285 3267 virgarum,
1316 3228 1575 3264 mensarum,
1606 3222 1648 3255 et
1677 3215 1829 3255 talium
1862 3227 2016 3263 rerum,

297 3288 351 3326 ad
393 3300 568 3339 gravem
612 3287 915 3339 deceptionem
958 3288 1107 3340 populi
1150 3287 1260 3328 infra
1302 3289 1547 3330 libertatem
1589 3288 1716 3328 villae
1757 3288 2017 3343 praedictae,

299 3366 376 3399 ete.
