2198 3845
320 414 376 463 46
589 424 808 455 REconos
841 423 900 455 OF
933 424 1033 455 THE
1067 423 1302 455 BOROUGH
1335 424 1396 456 oF
1430 424 1777 456 NOTTINGHAM.
1915 414 2042 467 [1265

321 544 547 598 Baptistae
583 545 637 585 de
676 545 980 599 Nottingham,
1018 546 1244 586 annuatim
1283 546 1501 586 redditum
1539 545 1670 585 trium
1704 545 1943 585 solidorum
1981 558 2046 585 ar-

319 619 449 671 genti,
473 619 818 672 recipiendorum
842 620 897 660 ad
920 619 1079 660 festum
1108 619 1379 660 Inventionis
1403 620 1593 661 Sanctae
1618 617 1785 668 Crucis,
1817 625 1861 659 et
1894 618 2046 660 Sancti

320 692 500 732 Martini
529 692 571 732 in
602 693 752 741 Yeme,
782 706 858 745 per
887 693 1090 745 aequales
1120 693 1352 746 portiones,
1376 693 1418 732 in
1448 698 1704 733 tenemento
1735 705 1833 732 meo
1866 692 1908 732 in
1931 692 2044 733 Vico

321 765 557 806 Fullonum
581 779 638 805 ex
661 766 865 818 opposito
888 766 926 806 le
951 766 1117 806 Rowell
1137 782 1144 806 :
1176 767 1415 807 tenendum
1443 771 1486 806 et
1515 765 1769 806 habendum
1793 765 1921 806 dictis
1948 765 2046 806 Deo

318 845 360 879 et
386 839 549 879 Domui
572 840 906 892 imperpetuum.
972 840 1030 880 Et
1052 854 1144 893 ego,
1166 846 1246 889 eta,
1269 854 1373 880 war.

404 913 534 953 VIII.
571 912 722 954 Sciant
754 919 1004 965 praesentes
1037 921 1079 954 et
1103 913 1232 954 futuri
1263 914 1380 967 quod
1413 927 1496 966 ego
1523 912 1750 966 Johannes
1772 913 1827 953 de
1858 913 2044 962 Lenton,

318 986 668 1039 consanguineus
703 992 746 1026 et
777 987 900 1026 heres
936 987 1128 1029 Simonis
1156 988 1211 1028 de
1247 988 1419 1028 Lenton
1455 988 1509 1028 de
1544 986 1852 1039 Nottingham,
1886 987 2045 1028 intuitu

319 1059 552 1108 charitatis,
575 1065 618 1099 et
644 1073 722 1112 pro
749 1059 888 1100 salute
918 1060 1091 1101 animae
1120 1075 1243 1101 meae
1272 1067 1314 1102 et
1336 1062 1439 1102 dicti
1472 1060 1676 1109 Simonis,
1700 1061 1813 1109 dedi,
1837 1061 2044 1109 concessi,

318 1139 360 1173 et
392 1132 472 1172 hac
505 1132 722 1185 praesenti
752 1133 902 1174 charta
935 1147 1032 1174 mea
1065 1133 1330 1184 confirmavi,
1366 1135 1581 1188 Magistro
1613 1134 1858 1187 Hospitalis
1894 1135 2046 1177 Sancti

315 1205 530 1258 Johannis
567 1206 792 1258 Baptistae
821 1207 875 1247 de
911 1208 1216 1261 Nottingham‚
1251 1216 1293 1250 et
1330 1209 1493 1249 Domui
1528 1208 1632 1248 dicti
1670 1208 1927 1261 Hospitalis,
1957 1209 2046 1249 duo

317 1280 545 1333 curtilagia
573 1294 671 1320 cum
702 1281 974 1333 pertinentiis
1004 1283 1091 1322 suis
1120 1283 1248 1323 simul
1277 1283 1471 1336 jacentia
1499 1282 1541 1321 in
1578 1281 1886 1335 Nottingham,
1916 1289 2046 1323 extra

318 1353 528 1395 fossatum
562 1354 689 1395 villae
720 1356 980 1408 praedictae,
1014 1357 1126 1397 inter
1157 1357 1385 1410 curtilagia
1417 1357 1642 1410 quondam
1678 1356 1813 1409 ipsius
1852 1356 2046 1398 Simonis

317 1441 374 1467 ex
397 1434 520 1481 parte
541 1428 750 1477 orientali,
775 1435 817 1469 et
847 1429 1123 1483 curtilagium
1157 1431 1403 1484 Hospitalis
1426 1430 1529 1471 dicti
1562 1430 1712 1472 Sancti
1742 1430 1958 1483 Johannis
1988 1444 2044 1471 ex

317 1508 440 1554 parte
466 1501 752 1542 occidentali:
784 1502 988 1543 habenda
1013 1510 1056 1544 et
1082 1505 1274 1545 tenenda
1300 1505 1525 1557 praedicta
1553 1504 1792 1557 curtilagia,
1821 1518 1919 1545 cum
1950 1518 2044 1558 per-

316 1575 510 1615 tinentiis
552 1575 650 1624 suis,
688 1577 913 1628 praedicto
956 1578 1172 1630 Magistro
1213 1585 1256 1619 et
1293 1578 1615 1619 successoribus
1654 1576 1780 1633 [suis]
1818 1579 1873 1619 ad
1910 1578 2045 1619 incre-

317 1655 514 1689 mentum
569 1650 740 1689 Domus
792 1651 1042 1703 praedictae
1093 1652 1427 1705 imperpetuum,
1471 1652 1513 1691 in
1558 1651 1752 1700 liberam,
1795 1665 1960 1704 puram,
2003 1658 2046 1693 et

316 1730 572 1776 perpetuam
596 1723 891 1773 elemosinam,
915 1725 969 1765 de
992 1725 1251 1778 capitalibus
1274 1726 1464 1766 dominis
1487 1724 1601 1765 feodi
1626 1725 1749 1774 illius,
1773 1738 1849 1778 per
1870 1725 2045 1766 servitia

316 1797 418 1837 inde
440 1797 589 1837 debita
611 1802 653 1837 et
676 1804 894 1838 consueta.
960 1798 1018 1838 Et
1041 1812 1133 1851 ego,
1156 1806 1238 1846 ssa,
1263 1808 1385 1839 zvar}
1679 1808 1803 1849 4770,
1828 1812 1864 1851 p.
1891 1810 1954 1848 22,
1980 1811 2002 1839 2
2035 1833 2042 1840 .

388 1928 880 1981 XX11.—,·1cqm·tsance
901 1930 955 1981 {gf
967 1929 1033 1970 {lle
1054 1930 1287 1981 Bmgresses
1297 1931 1420 1982 from
1442 1943 1499 1970 (m
1522 1929 1622 1969 Al'cz'
1638 1935 1676 1970 lo
1699 1929 1765 1970 ille
1789 1929 1965 1984 Sllet‘g'ff.

937 2005 1101 2055 1264-5,
1128 2005 1350 2057 February
1379 2013 1435 2055 15.

404 2093 676 2142 HENRICL‘S,
709 2093 791 2134 Dei
828 2093 990 2143 Gratia,
1026 2095 1124 2134 Rex
1158 2093 1419 2147 Anglorum,
1454 2093 1673 2134 Dominus
1714 2094 1969 2147 Hyberniae
2001 2101 2044 2136 et

316 2167 423 2207 Dux
460 2166 740 2220 Aquitaniae,
777 2168 981 2208 omnibus
1024 2169 1078 2208 ad
1116 2182 1225 2221 quos
1262 2175 1513 2222 praesentes
1551 2168 1721 2209 litterae
1757 2170 2042 2222 pervenerint,

313 2241 510 2282 salutem.
565 2241 681 2295 Quia
713 2242 961 2294 accepimus
993 2256 1070 2295 per
1101 2242 1428 2295 inquisitionem
1452 2255 1585 2295 quam
1618 2256 1694 2295 per
1727 2243 1955 2285 Simonem
1989 2244 2044 2284 de

317 2315 517 2364 Hedone,
556 2315 723 2355 dudum
761 2315 1080 2357 Vicecomitem
1119 2323 1316 2357 nostrum
1362 2315 1660 2369 Notingham',
1698 2316 1948 2369 Johannem
1986 2318 2041 2358 de

316 2388 432 2437 Lek',
456 2394 498 2428 et
534 2388 772 2428 Ricardum
796 2389 850 2429 de
882 2389 1107 2439 XVestona,
1131 2396 1234 2431 tunc
1259 2391 1552 2432 Coronatores
1575 2390 1772 2443 ejusdem
1796 2391 2041 2442 comitatus,

314 2461 403 2502 fieri
436 2462 626 2511 fecimus,
650 2463 768 2515 quod
801 2470 977 2504 centum
1011 2464 1149 2513 solidi,
1173 2478 1282 2517 quos
1307 2465 1553 2517 Burgenses
1583 2464 1719 2504 nostri
1754 2464 2042 2517 Notingham'

314 2537 542 2577 annuatim
582 2537 673 2589 jam
717 2536 865 2577 multis
907 2538 1132 2578 retroactis
1184 2538 1455 2591 temporibus
1497 2537 1678 2578 reddere
1720 2545 2042 2579 consueverunt

313 2610 641 2650 vicecomitibus
684 2610 842 2650 nostris
883 2611 1093 2663 praedicti
1132 2612 1378 2661 comitatus,
1416 2612 1471 2652 ad
1514 2624 1624 2664 opus
1661 2617 1871 2660 nostrum,
1909 2611 2040 2653 soluti

313 2683 485 2724 fuerunt
520 2683 722 2736 Philippo
755 2683 906 2732 Mark’,
944 2685 1111 2724 dudum
1149 2685 1411 2726 Vicecomiti
1449 2691 1598 2725 nostro
1643 2684 1942 2737 Notingham',
1980 2699 2038 2725 ex

312 2757 453 2810 gratia
474 2756 705 2809 (videlicet,
728 2771 807 2809 pro
838 2757 954 2798 bona
976 2757 1203 2798 voluntate
1234 2772 1313 2798 sua
1344 2758 1557 2806 habenda,
1580 2763 1624 2798 et
1655 2771 1734 2810 pro
1766 2757 2040 2798 libertatibus

312 2830 529 2870 dictorum
574 2830 862 2882 Burgensium
906 2832 1253 2881 manutenendis,
1295 2838 1339 2872 et
1381 2845 1435 2871 ne
1477 2831 1699 2871 libertates
1751 2830 1846 2872 illas
1898 2831 2038 2884 ingre-

312 2903 515 2956 deretur),
550 2909 593 2944 et
625 2917 712 2943 non
745 2917 802 2943 ex
835 2904 995 2953 debito,
1028 2911 1070 2945 et
1103 2905 1220 2957 quod
1254 2918 1279 2945 a
1310 2912 1508 2958 tempore
1530 2917 1617 2957 quo
1639 2904 1780 2944 dictus
1812 2903 2038 2958 Philippus

312 2978 571 3018 Vicecomes
608 2983 755 3018 noster
791 2979 940 3019 extitit
976 2978 1186 3031 praedicti
1223 2979 1456 3019 comitatus
1494 2978 1635 3031 primo
1671 2977 1801 3018 soluti
1839 2977 2038 3020 fuerunt:

314 3051 418 3099 Nos,
441 3064 517 3103 per
540 3050 670 3091 finem
703 3051 1024 3104 quinquaginta
1056 3065 1298 3092 marcarum
1328 3065 1436 3105 quas
1469 3052 1600 3091 iidem
1635 3052 1879 3104 Burgenses
1912 3052 2037 3093 nobis

313 3123 534 3165 solverunt
557 3124 599 3164 in
623 3125 866 3177 garderoba
888 3132 1038 3166 nostra
1060 3139 1163 3178 prae
1191 3125 1403 3175 manibus,
1428 3125 1672 3166 remisimus
1699 3125 1760 3165 eis
1792 3131 1835 3166 et
1867 3125 2036 3166 heredi-

313 3198 393 3238 bus
434 3197 522 3238 suis
564 3199 830 3239 demandam
872 3199 1195 3251 praedictorum
1237 3206 1413 3240 centum
1457 3199 1706 3248 solidorum,
1749 3206 1792 3239 et
1834 3199 1951 3251 ipsos
1993 3204 2036 3239 et

378 3307 387 3320 ¹
412 3303 484 3335 The
522 3303 666 3334 charters
703 3314 757 3334 are
795 3303 872 3334 here
909 3303 1040 3344 printed
1071 3314 1106 3335 as
1238 3310 1400 3346 warranty
1430 3305 1554 3336 clauses
1585 3304 1649 3335 and
1681 3304 1736 3336 the
1766 3314 1878 3335 names
1908 3303 1945 3335 of
1978 3302 2035 3336 the

313 3358 440 3390 written
468 3359 512 3402 by
529 3359 684 3397 Greaves,
704 3359 778 3390 who
805 3359 864 3390 has
891 3358 1028 3390 omitted
1052 3358 1107 3390 the
1239 3357 1415 3392 witnesses.
