<?xml version="1.0" encoding="UTF-8"?>
<!DOCTYPE html PUBLIC "-//W3C//DTD XHTML 1.0 Transitional//EN"
    "http://www.w3.org/TR/xhtml1/DTD/xhtml1-transitional.dtd">
<html xmlns="http://www.w3.org/1999/xhtml" xml:lang="en" lang="en">
 <head>
  <title>
</title>
<meta http-equiv="Content-Type" content="text/html;charset=utf-8" />
  <meta name='ocr-system' content='tesseract 3.04.00' />
  <meta name='ocr-capabilities' content='ocr_page ocr_carea ocr_par ocr_line ocrx_word'/>
</head>
<body>
  <div class='ocr_page' id='page_1' title='image "./recordsofborough01nott_0352.png"; bbox 0 0 2198 3845; ppageno 0'>
   <div class='ocr_carea' id='block_1_1' title="bbox 311 402 2025 458">
    <p class='ocr_par' dir='ltr' id='par_1_1' title="bbox 311 402 2025 458">
     <span class='ocr_line' id='line_1_1' title="bbox 311 402 2025 458; baseline 0.004 -18"><span class='ocrx_word' id='word_1_1' title='bbox 311 402 391 451; x_wconf 87' lang='lat'>328</span> <span class='ocrx_word' id='word_1_2' title='bbox 573 410 792 444; x_wconf 81' lang='lat' dir='ltr'>RECORDs</span> <span class='ocrx_word' id='word_1_3' title='bbox 825 412 884 443; x_wconf 86' lang='lat' dir='ltr'>OF</span> <span class='ocrx_word' id='word_1_4' title='bbox 917 413 1017 444; x_wconf 86' lang='lat' dir='ltr'>THE</span> <span class='ocrx_word' id='word_1_5' title='bbox 1050 413 1285 446; x_wconf 78' lang='lat' dir='ltr'>BORoucH</span> <span class='ocrx_word' id='word_1_6' title='bbox 1318 414 1378 445; x_wconf 88' lang='lat' dir='ltr'>OF</span> <span class='ocrx_word' id='word_1_7' title='bbox 1413 414 1759 446; x_wconf 79' lang='lat' dir='ltr'>NOTTINGHAM.</span> <span class='ocrx_word' id='word_1_8' title='bbox 1894 405 2025 458; x_wconf 85' lang='lat'>[1396</span> 
     </span>
    </p>
   </div>
   <div class='ocr_carea' id='block_1_2' title="bbox 305 531 2029 1767">
    <p class='ocr_par' dir='ltr' id='par_1_2' title="bbox 305 531 2029 1767">
     <span class='ocr_line' id='line_1_2' title="bbox 308 531 2025 589; baseline 0.003 -18"><span class='ocrx_word' id='word_1_9' title='bbox 308 531 531 583; x_wconf 89' lang='lat' dir='ltr'>praedicta</span> <span class='ocrx_word' id='word_1_10' title='bbox 552 531 696 573; x_wconf 87' lang='lat' dir='ltr'>Alicia</span> <span class='ocrx_word' id='word_1_11' title='bbox 718 534 772 573; x_wconf 90' lang='lat' dir='ltr'>ad</span> <span class='ocrx_word' id='word_1_12' title='bbox 797 533 1038 574; x_wconf 75' lang='lat' dir='ltr'>Ecclesiam</span> <span class='ocrx_word' id='word_1_13' title='bbox 1064 534 1187 575; x_wconf 88' lang='lat' dir='ltr'>Beati</span> <span class='ocrx_word' id='word_1_14' title='bbox 1212 535 1324 576; x_wconf 88' lang='lat' dir='ltr'>Petri</span> <span class='ocrx_word' id='word_1_15' title='bbox 1348 535 1403 576; x_wconf 91' lang='lat' dir='ltr'>ad</span> <span class='ocrx_word' id='word_1_16' title='bbox 1426 536 1566 589; x_wconf 84' lang='lat' dir='ltr'>legem</span> <span class='ocrx_word' id='word_1_17' title='bbox 1591 536 1780 578; x_wconf 80' lang='lat' dir='ltr'>Sanctae</span> <span class='ocrx_word' id='word_1_18' title='bbox 1804 535 2025 576; x_wconf 79' lang='lat' dir='ltr'>Ecclesiae</span> 
     </span>
     <span class='ocr_line' id='line_1_3' title="bbox 307 606 2024 661; baseline 0.002 -16"><span class='ocrx_word' id='word_1_19' title='bbox 307 606 436 655; x_wconf 84' lang='lat' dir='ltr'>venit,</span> <span class='ocrx_word' id='word_1_20' title='bbox 478 613 607 659; x_wconf 93' lang='lat' dir='ltr'>prout</span> <span class='ocrx_word' id='word_1_21' title='bbox 647 607 799 647; x_wconf 83' lang='lat' dir='ltr'>habuit</span> <span class='ocrx_word' id='word_1_22' title='bbox 840 607 967 656; x_wconf 87' lang='lat' dir='ltr'>diem,</span> <span class='ocrx_word' id='word_1_23' title='bbox 1005 607 1120 648; x_wconf 92' lang='lat' dir='ltr'>idem</span> <span class='ocrx_word' id='word_1_24' title='bbox 1162 608 1409 649; x_wconf 89' lang='lat' dir='ltr'>Willelmus</span> <span class='ocrx_word' id='word_1_25' title='bbox 1452 608 1659 649; x_wconf 89' lang='lat' dir='ltr'>Blaunch‘</span> <span class='ocrx_word' id='word_1_26' title='bbox 1701 609 1743 648; x_wconf 92' lang='lat' dir='ltr'>in</span> <span class='ocrx_word' id='word_1_27' title='bbox 1786 609 2024 661; x_wconf 90' lang='lat' dir='ltr'>cemyterio</span> 
     </span>
     <span class='ocr_line' id='line_1_4' title="bbox 307 679 2023 735; baseline 0.002 -16"><span class='ocrx_word' id='word_1_28' title='bbox 307 679 513 720; x_wconf 89' lang='lat' dir='ltr'>ecclesiae</span> <span class='ocrx_word' id='word_1_29' title='bbox 545 680 803 733; x_wconf 85' lang='lat' dir='ltr'>praedictae,</span> <span class='ocrx_word' id='word_1_30' title='bbox 837 681 1061 734; x_wconf 91' lang='lat' dir='ltr'>praedicta</span> <span class='ocrx_word' id='word_1_31' title='bbox 1093 681 1163 721; x_wconf 90' lang='lat' dir='ltr'>die</span> <span class='ocrx_word' id='word_1_32' title='bbox 1200 681 1384 724; x_wconf 90' lang='lat' dir='ltr'>Sabbati</span> <span class='ocrx_word' id='word_1_33' title='bbox 1421 688 1523 722; x_wconf 91' lang='lat' dir='ltr'>ante</span> <span class='ocrx_word' id='word_1_34' title='bbox 1558 682 1831 735; x_wconf 90' lang='lat' dir='ltr'>praedictum</span> <span class='ocrx_word' id='word_1_35' title='bbox 1865 681 2023 722; x_wconf 88' lang='lat' dir='ltr'>festum</span> 
     </span>
     <span class='ocr_line' id='line_1_5' title="bbox 308 752 2024 805; baseline 0.001 -10"><span class='ocrx_word' id='word_1_36' title='bbox 308 752 458 795; x_wconf 85' lang='lat' dir='ltr'>Sancti</span> <span class='ocrx_word' id='word_1_37' title='bbox 494 753 729 803; x_wconf 89' lang='lat' dir='ltr'>Edmundi,</span> <span class='ocrx_word' id='word_1_38' title='bbox 764 754 803 794; x_wconf 89' lang='lat' dir='ltr'>vi</span> <span class='ocrx_word' id='word_1_39' title='bbox 837 761 880 795; x_wconf 93' lang='lat' dir='ltr'>et</span> <span class='ocrx_word' id='word_1_40' title='bbox 913 755 1044 795; x_wconf 87' lang='lat' dir='ltr'>armis</span> <span class='ocrx_word' id='word_1_41' title='bbox 1076 755 1205 805; x_wconf 89' lang='lat' dir='ltr'>venit,</span> <span class='ocrx_word' id='word_1_42' title='bbox 1240 761 1283 796; x_wconf 90' lang='lat' dir='ltr'>et</span> <span class='ocrx_word' id='word_1_43' title='bbox 1316 755 1358 795; x_wconf 90' lang='lat' dir='ltr'>in</span> <span class='ocrx_word' id='word_1_44' title='bbox 1393 755 1556 796; x_wconf 91' lang='lat' dir='ltr'>dictam</span> <span class='ocrx_word' id='word_1_45' title='bbox 1591 754 1780 796; x_wconf 90' lang='lat' dir='ltr'>Aliciam</span> <span class='ocrx_word' id='word_1_46' title='bbox 1815 755 2024 796; x_wconf 89' lang='lat' dir='ltr'>insultum</span> 
     </span>
     <span class='ocr_line' id='line_1_6' title="bbox 307 826 2023 883; baseline 0.002 -16"><span class='ocrx_word' id='word_1_47' title='bbox 307 826 417 877; x_wconf 88' lang='lat' dir='ltr'>fecit,</span> <span class='ocrx_word' id='word_1_48' title='bbox 440 834 483 868; x_wconf 92' lang='lat' dir='ltr'>et</span> <span class='ocrx_word' id='word_1_49' title='bbox 504 828 666 869; x_wconf 88' lang='lat' dir='ltr'>dictam</span> <span class='ocrx_word' id='word_1_50' title='bbox 689 827 879 868; x_wconf 87' lang='lat' dir='ltr'>Aliciam</span> <span class='ocrx_word' id='word_1_51' title='bbox 903 841 1001 869; x_wconf 89' lang='lat' dir='ltr'>curn</span> <span class='ocrx_word' id='word_1_52' title='bbox 1028 828 1277 882; x_wconf 88' lang='lat' dir='ltr'>armylausa</span> <span class='ocrx_word' id='word_1_53' title='bbox 1305 842 1383 870; x_wconf 90' lang='lat' dir='ltr'>sua</span> <span class='ocrx_word' id='word_1_54' title='bbox 1411 829 1585 883; x_wconf 89' lang='lat' dir='ltr'>propria</span> <span class='ocrx_word' id='word_1_55' title='bbox 1613 829 1796 879; x_wconf 83' lang='lat' dir='ltr'>inclusit,</span> <span class='ocrx_word' id='word_1_56' title='bbox 1819 836 1862 870; x_wconf 91' lang='lat' dir='ltr'>et</span> <span class='ocrx_word' id='word_1_57' title='bbox 1883 829 2023 882; x_wconf 85' lang='lat' dir='ltr'>ipsam</span> 
     </span>
     <span class='ocr_line' id='line_1_7' title="bbox 305 902 2025 957; baseline 0.002 -16"><span class='ocrx_word' id='word_1_58' title='bbox 305 914 433 954; x_wconf 88' lang='lat' dir='ltr'>super</span> <span class='ocrx_word' id='word_1_59' title='bbox 453 902 593 942; x_wconf 89' lang='lat' dir='ltr'>visum</span> <span class='ocrx_word' id='word_1_60' title='bbox 622 915 748 942; x_wconf 91' lang='lat' dir='ltr'>suum</span> <span class='ocrx_word' id='word_1_61' title='bbox 779 902 962 952; x_wconf 86' lang='lat' dir='ltr'>inclusit,</span> <span class='ocrx_word' id='word_1_62' title='bbox 985 910 1028 944; x_wconf 94' lang='lat' dir='ltr'>et</span> <span class='ocrx_word' id='word_1_63' title='bbox 1056 917 1202 944; x_wconf 92' lang='lat' dir='ltr'>secum</span> <span class='ocrx_word' id='word_1_64' title='bbox 1233 902 1333 944; x_wconf 87' lang='lat' dir='ltr'>fecit</span> <span class='ocrx_word' id='word_1_65' title='bbox 1362 904 1479 957; x_wconf 92' lang='lat' dir='ltr'>quod</span> <span class='ocrx_word' id='word_1_66' title='bbox 1502 904 1647 944; x_wconf 86' lang='lat' dir='ltr'>videre</span> <span class='ocrx_word' id='word_1_67' title='bbox 1679 917 1765 944; x_wconf 92' lang='lat' dir='ltr'>non</span> <span class='ocrx_word' id='word_1_68' title='bbox 1799 903 1952 956; x_wconf 89' lang='lat' dir='ltr'>potuit,</span> <span class='ocrx_word' id='word_1_69' title='bbox 1981 909 2025 944; x_wconf 92' lang='lat' dir='ltr'>et</span> 
     </span>
     <span class='ocr_line' id='line_1_8' title="bbox 305 975 2025 1031; baseline 0.002 -16"><span class='ocrx_word' id='word_1_70' title='bbox 305 982 458 1027; x_wconf 90' lang='lat' dir='ltr'>postea</span> <span class='ocrx_word' id='word_1_71' title='bbox 491 975 629 1028; x_wconf 88' lang='lat' dir='ltr'>ipsam</span> <span class='ocrx_word' id='word_1_72' title='bbox 664 983 791 1017; x_wconf 78' lang='lat' dir='ltr'>extra</span> <span class='ocrx_word' id='word_1_73' title='bbox 825 990 996 1017; x_wconf 90' lang='lat' dir='ltr'>murum</span> <span class='ocrx_word' id='word_1_74' title='bbox 1030 977 1173 1018; x_wconf 85' lang='lat' dir='ltr'>dictae</span> <span class='ocrx_word' id='word_1_75' title='bbox 1206 977 1414 1018; x_wconf 89' lang='lat' dir='ltr'>ecclesiae</span> <span class='ocrx_word' id='word_1_76' title='bbox 1442 977 1676 1031; x_wconf 87' lang='lat' dir='ltr'>jactavisse</span> <span class='ocrx_word' id='word_1_77' title='bbox 1708 977 1926 1026; x_wconf 89' lang='lat' dir='ltr'>voluisset,</span> <span class='ocrx_word' id='word_1_78' title='bbox 1959 983 2025 1018; x_wconf 90' lang='lat' dir='ltr'>set</span> 
     </span>
     <span class='ocr_line' id='line_1_9' title="bbox 306 1048 2025 1104; baseline 0.001 -15"><span class='ocrx_word' id='word_1_79' title='bbox 306 1062 382 1102; x_wconf 90' lang='lat' dir='ltr'>per</span> <span class='ocrx_word' id='word_1_80' title='bbox 405 1048 623 1090; x_wconf 87' lang='lat' dir='ltr'>fortunam</span> <span class='ocrx_word' id='word_1_81' title='bbox 645 1050 763 1103; x_wconf 89' lang='lat' dir='ltr'>quod</span> <span class='ocrx_word' id='word_1_82' title='bbox 786 1050 881 1103; x_wconf 91' lang='lat' dir='ltr'>ipsa</span> <span class='ocrx_word' id='word_1_83' title='bbox 902 1051 956 1091; x_wconf 93' lang='lat' dir='ltr'>de</span> <span class='ocrx_word' id='word_1_84' title='bbox 986 1051 1187 1092; x_wconf 87' lang='lat' dir='ltr'>manibus</span> <span class='ocrx_word' id='word_1_85' title='bbox 1216 1051 1304 1092; x_wconf 91' lang='lat' dir='ltr'>suis</span> <span class='ocrx_word' id='word_1_86' title='bbox 1333 1051 1480 1101; x_wconf 82' lang='lat' dir='ltr'>exivit,</span> <span class='ocrx_word' id='word_1_87' title='bbox 1504 1058 1547 1092; x_wconf 92' lang='lat' dir='ltr'>et</span> <span class='ocrx_word' id='word_1_88' title='bbox 1575 1051 1618 1091; x_wconf 89' lang='lat' dir='ltr'>in</span> <span class='ocrx_word' id='word_1_89' title='bbox 1647 1051 1874 1092; x_wconf 91' lang='lat' dir='ltr'>ecclesiam</span> <span class='ocrx_word' id='word_1_90' title='bbox 1904 1050 2025 1104; x_wconf 83' lang='lat' dir='ltr'>fugit,</span> 
     </span>
     <span class='ocr_line' id='line_1_10' title="bbox 307 1122 2026 1178; baseline 0.001 -16"><span class='ocrx_word' id='word_1_91' title='bbox 307 1122 348 1162; x_wconf 89' lang='lat' dir='ltr'>in</span> <span class='ocrx_word' id='word_1_92' title='bbox 371 1122 657 1164; x_wconf 85' lang='lat' dir='ltr'>salvationem</span> <span class='ocrx_word' id='word_1_93' title='bbox 680 1124 795 1165; x_wconf 86' lang='lat' dir='ltr'>vitae</span> <span class='ocrx_word' id='word_1_94' title='bbox 817 1138 930 1174; x_wconf 89' lang='lat' dir='ltr'>suae,</span> <span class='ocrx_word' id='word_1_95' title='bbox 948 1124 1008 1166; x_wconf 91' lang='lat' dir='ltr'>ita</span> <span class='ocrx_word' id='word_1_96' title='bbox 1030 1125 1090 1165; x_wconf 90' lang='lat' dir='ltr'>sic</span> <span class='ocrx_word' id='word_1_97' title='bbox 1112 1139 1188 1178; x_wconf 88' lang='lat' dir='ltr'>per</span> <span class='ocrx_word' id='word_1_98' title='bbox 1209 1132 1416 1166; x_wconf 87' lang='lat' dir='ltr'>terrorem</span> <span class='ocrx_word' id='word_1_99' title='bbox 1440 1125 1527 1166; x_wconf 84' lang='lat' dir='ltr'>fere</span> <span class='ocrx_word' id='word_1_100' title='bbox 1544 1125 1624 1166; x_wconf 89' lang='lat' dir='ltr'>fuit</span> <span class='ocrx_word' id='word_1_101' title='bbox 1645 1132 1773 1166; x_wconf 83' lang='lat' dir='ltr'>extra</span> <span class='ocrx_word' id='word_1_102' title='bbox 1794 1123 2026 1178; x_wconf 91' lang='lat' dir='ltr'>mente[m]</span> 
     </span>
     <span class='ocr_line' id='line_1_11' title="bbox 305 1195 2028 1250; baseline 0.002 -14"><span class='ocrx_word' id='word_1_103' title='bbox 305 1195 489 1250; x_wconf 87' lang='lat' dir='ltr'>sua[m];</span> <span class='ocrx_word' id='word_1_104' title='bbox 518 1196 634 1237; x_wconf 93' lang='lat' dir='ltr'>unde</span> <span class='ocrx_word' id='word_1_105' title='bbox 665 1196 796 1238; x_wconf 92' lang='lat' dir='ltr'>iidem</span> <span class='ocrx_word' id='word_1_106' title='bbox 829 1197 1075 1239; x_wconf 50' lang='lat' dir='ltr'>&amp;villelmus</span> <span class='ocrx_word' id='word_1_107' title='bbox 1106 1199 1280 1240; x_wconf 90' lang='lat' dir='ltr'>Boteler</span> <span class='ocrx_word' id='word_1_108' title='bbox 1311 1206 1354 1240; x_wconf 93' lang='lat' dir='ltr'>et</span> <span class='ocrx_word' id='word_1_109' title='bbox 1382 1199 1527 1240; x_wconf 87' lang='lat' dir='ltr'>Alicia</span> <span class='ocrx_word' id='word_1_110' title='bbox 1548 1199 1798 1240; x_wconf 86' lang='lat' dir='ltr'>deteriorati</span> <span class='ocrx_word' id='word_1_111' title='bbox 1826 1205 1951 1240; x_wconf 89' lang='lat' dir='ltr'>sunt1</span> <span class='ocrx_word' id='word_1_112' title='bbox 1983 1204 2028 1239; x_wconf 91' lang='lat' dir='ltr'>et</span> 
     </span>
     <span class='ocr_line' id='line_1_12' title="bbox 305 1270 2027 1326; baseline 0.001 -16"><span class='ocrx_word' id='word_1_113' title='bbox 305 1271 499 1323; x_wconf 89' lang='lat' dir='ltr'>dampna</span> <span class='ocrx_word' id='word_1_114' title='bbox 538 1270 703 1312; x_wconf 89' lang='lat' dir='ltr'>habent</span> <span class='ocrx_word' id='word_1_115' title='bbox 744 1272 798 1312; x_wconf 90' lang='lat' dir='ltr'>ad</span> <span class='ocrx_word' id='word_1_116' title='bbox 840 1272 1076 1314; x_wconf 89' lang='lat' dir='ltr'>valentiam</span> <span class='ocrx_word' id='word_1_117' title='bbox 1129 1280 1304 1314; x_wconf 89' lang='lat' dir='ltr'>centum</span> <span class='ocrx_word' id='word_1_118' title='bbox 1347 1273 1596 1323; x_wconf 89' lang='lat' dir='ltr'>solidorum,</span> <span class='ocrx_word' id='word_1_119' title='bbox 1638 1273 1739 1314; x_wconf 91' lang='lat' dir='ltr'>inde</span> <span class='ocrx_word' id='word_1_120' title='bbox 1779 1273 2027 1326; x_wconf 91' lang='lat' dir='ltr'>producunt</span> 
     </span>
     <span class='ocr_line' id='line_1_13' title="bbox 305 1345 2029 1401; baseline 0.001 -17"><span class='ocrx_word' id='word_1_121' title='bbox 305 1351 481 1394; x_wconf 90' lang='lat' dir='ltr'>sectam,</span> <span class='ocrx_word' id='word_1_122' title='bbox 515 1351 592 1386; x_wconf 92' lang='lat' dir='ltr'>etc.</span> <span class='ocrx_word' id='word_1_123' title='bbox 657 1345 715 1387; x_wconf 90' lang='lat' dir='ltr'>Et</span> <span class='ocrx_word' id='word_1_124' title='bbox 748 1346 996 1399; x_wconf 88' lang='lat' dir='ltr'>praedictus</span> <span class='ocrx_word' id='word_1_125' title='bbox 1030 1346 1278 1388; x_wconf 53' lang='lat' dir='ltr'>WVillclmus</span> <span class='ocrx_word' id='word_1_126' title='bbox 1316 1347 1524 1389; x_wconf 89' lang='lat' dir='ltr'>Blaunch’</span> <span class='ocrx_word' id='word_1_127' title='bbox 1558 1348 1600 1387; x_wconf 93' lang='lat' dir='ltr'>in</span> <span class='ocrx_word' id='word_1_128' title='bbox 1635 1346 1810 1401; x_wconf 89' lang='lat' dir='ltr'>propria</span> <span class='ocrx_word' id='word_1_129' title='bbox 1842 1358 2029 1399; x_wconf 88' lang='lat' dir='ltr'>persona</span> 
     </span>
     <span class='ocr_line' id='line_1_14' title="bbox 306 1419 2029 1475; baseline 0 -16"><span class='ocrx_word' id='word_1_130' title='bbox 306 1432 383 1459; x_wconf 90' lang='lat' dir='ltr'>sua</span> <span class='ocrx_word' id='word_1_131' title='bbox 413 1419 542 1469; x_wconf 92' lang='lat' dir='ltr'>venit,</span> <span class='ocrx_word' id='word_1_132' title='bbox 574 1426 618 1460; x_wconf 91' lang='lat' dir='ltr'>et</span> <span class='ocrx_word' id='word_1_133' title='bbox 648 1419 844 1461; x_wconf 87' lang='lat' dir='ltr'>defendit</span> <span class='ocrx_word' id='word_1_134' title='bbox 875 1420 962 1461; x_wconf 87' lang='lat' dir='ltr'>vim</span> <span class='ocrx_word' id='word_1_135' title='bbox 996 1427 1038 1462; x_wconf 92' lang='lat' dir='ltr'>et</span> <span class='ocrx_word' id='word_1_136' title='bbox 1070 1420 1283 1475; x_wconf 88' lang='lat' dir='ltr'>injuriam,</span> <span class='ocrx_word' id='word_1_137' title='bbox 1316 1429 1406 1471; x_wconf 87' lang='lat' dir='ltr'>etc.,</span> <span class='ocrx_word' id='word_1_138' title='bbox 1439 1428 1482 1462; x_wconf 91' lang='lat' dir='ltr'>ct</span> <span class='ocrx_word' id='word_1_139' title='bbox 1513 1421 1618 1462; x_wconf 90' lang='lat' dir='ltr'>dicit</span> <span class='ocrx_word' id='word_1_140' title='bbox 1649 1421 1766 1474; x_wconf 92' lang='lat' dir='ltr'>quod</span> <span class='ocrx_word' id='word_1_141' title='bbox 1802 1420 1894 1473; x_wconf 91' lang='lat' dir='ltr'>ipse</span> <span class='ocrx_word' id='word_1_142' title='bbox 1927 1419 2029 1460; x_wconf 89' lang='lat' dir='ltr'>inde</span> 
     </span>
     <span class='ocr_line' id='line_1_15' title="bbox 307 1491 2026 1549; baseline 0 -17"><span class='ocrx_word' id='word_1_143' title='bbox 307 1492 348 1532; x_wconf 89' lang='lat' dir='ltr'>in</span> <span class='ocrx_word' id='word_1_144' title='bbox 372 1491 492 1533; x_wconf 90' lang='lat' dir='ltr'>nullo</span> <span class='ocrx_word' id='word_1_145' title='bbox 513 1498 578 1533; x_wconf 92' lang='lat' dir='ltr'>est</span> <span class='ocrx_word' id='word_1_146' title='bbox 600 1492 838 1546; x_wconf 91' lang='lat' dir='ltr'>culpabilis,</span> <span class='ocrx_word' id='word_1_147' title='bbox 861 1501 904 1536; x_wconf 90' lang='lat' dir='ltr'>et</span> <span class='ocrx_word' id='word_1_148' title='bbox 926 1495 1008 1535; x_wconf 94' lang='lat' dir='ltr'>hoc</span> <span class='ocrx_word' id='word_1_149' title='bbox 1031 1495 1155 1548; x_wconf 90' lang='lat' dir='ltr'>ponit</span> <span class='ocrx_word' id='word_1_150' title='bbox 1177 1509 1222 1536; x_wconf 89' lang='lat' dir='ltr'>se</span> <span class='ocrx_word' id='word_1_151' title='bbox 1251 1509 1380 1549; x_wconf 86' lang='lat' dir='ltr'>super</span> <span class='ocrx_word' id='word_1_152' title='bbox 1408 1495 1616 1549; x_wconf 90' lang='lat' dir='ltr'>patriam;</span> <span class='ocrx_word' id='word_1_153' title='bbox 1648 1501 1691 1536; x_wconf 87' lang='lat' dir='ltr'>et</span> <span class='ocrx_word' id='word_1_154' title='bbox 1720 1494 1790 1535; x_wconf 90' lang='lat' dir='ltr'>alii</span> <span class='ocrx_word' id='word_1_155' title='bbox 1820 1492 2026 1533; x_wconf 90' lang='lat' dir='ltr'>similiter.</span> 
     </span>
     <span class='ocr_line' id='line_1_16' title="bbox 308 1566 2027 1623; baseline 0.001 -17"><span class='ocrx_word' id='word_1_156' title='bbox 308 1566 414 1607; x_wconf 83' lang='lat' dir='ltr'>Ideo</span> <span class='ocrx_word' id='word_1_157' title='bbox 443 1574 723 1621; x_wconf 87' lang='lat' dir='ltr'>praeceptum</span> <span class='ocrx_word' id='word_1_158' title='bbox 755 1575 830 1618; x_wconf 89' lang='lat' dir='ltr'>est,</span> <span class='ocrx_word' id='word_1_159' title='bbox 859 1575 937 1610; x_wconf 90' lang='lat' dir='ltr'>etc.</span> <span class='ocrx_word' id='word_1_160' title='bbox 1002 1570 1060 1610; x_wconf 89' lang='lat' dir='ltr'>Et</span> <span class='ocrx_word' id='word_1_161' title='bbox 1090 1570 1223 1610; x_wconf 92' lang='lat' dir='ltr'>modo</span> <span class='ocrx_word' id='word_1_162' title='bbox 1252 1576 1397 1623; x_wconf 89' lang='lat' dir='ltr'>partes</span> <span class='ocrx_word' id='word_1_163' title='bbox 1426 1569 1675 1623; x_wconf 85' lang='lat' dir='ltr'>praedictae</span> <span class='ocrx_word' id='word_1_164' title='bbox 1703 1582 1779 1622; x_wconf 89' lang='lat' dir='ltr'>per</span> <span class='ocrx_word' id='word_1_165' title='bbox 1807 1568 2027 1608; x_wconf 88' lang='lat' dir='ltr'>licentiam</span> 
     </span>
     <span class='ocr_line' id='line_1_17' title="bbox 308 1640 2026 1692; baseline -0.001 -10"><span class='ocrx_word' id='word_1_166' title='bbox 308 1640 463 1682; x_wconf 88' lang='lat' dir='ltr'>Curiae</span> <span class='ocrx_word' id='word_1_167' title='bbox 485 1643 776 1684; x_wconf 87' lang='lat' dir='ltr'>concordatae</span> <span class='ocrx_word' id='word_1_168' title='bbox 798 1650 909 1692; x_wconf 91' lang='lat' dir='ltr'>sunt,</span> <span class='ocrx_word' id='word_1_169' title='bbox 933 1651 975 1684; x_wconf 89' lang='lat' dir='ltr'>ct</span> <span class='ocrx_word' id='word_1_170' title='bbox 997 1644 1139 1684; x_wconf 91' lang='lat' dir='ltr'>dictus</span> <span class='ocrx_word' id='word_1_171' title='bbox 1157 1643 1403 1684; x_wconf 69' lang='lat' dir='ltr'>W⁷illclmus</span> <span class='ocrx_word' id='word_1_172' title='bbox 1428 1643 1635 1684; x_wconf 88' lang='lat' dir='ltr'>Blaunch&#39;</span> <span class='ocrx_word' id='word_1_173' title='bbox 1658 1643 1699 1683; x_wconf 90' lang='lat' dir='ltr'>in</span> <span class='ocrx_word' id='word_1_174' title='bbox 1724 1641 2026 1683; x_wconf 88' lang='lat' dir='ltr'>misericordia.</span> 
     </span>
     <span class='ocr_line' id='line_1_18' title="bbox 308 1715 2027 1767; baseline 0 -13"><span class='ocrx_word' id='word_1_175' title='bbox 308 1715 448 1755; x_wconf 83' lang='lat' dir='ltr'>Solvit</span> <span class='ocrx_word' id='word_1_176' title='bbox 471 1718 858 1758; x_wconf 87' lang='lat' dir='ltr'>amerciamentum</span> <span class='ocrx_word' id='word_1_177' title='bbox 885 1717 1060 1758; x_wconf 87' lang='lat' dir='ltr'>Ballivis</span> <span class='ocrx_word' id='word_1_178' title='bbox 1084 1719 1125 1757; x_wconf 91' lang='lat' dir='ltr'>in</span> <span class='ocrx_word' id='word_1_179' title='bbox 1150 1717 1276 1758; x_wconf 77' lang='lat' dir='ltr'>Aula.</span> <span class='ocrx_word' id='word_1_180' title='bbox 1674 1717 1790 1767; x_wconf 84' lang='lat'>1296,</span> <span class='ocrx_word' id='word_1_181' title='bbox 1815 1730 1869 1755; x_wconf 87' lang='lat' dir='ltr'>ro.</span> <span class='ocrx_word' id='word_1_182' title='bbox 1895 1715 1967 1755; x_wconf 89' lang='lat' dir='ltr'>for.</span> <span class='ocrx_word' id='word_1_183' title='bbox 1994 1726 2027 1754; x_wconf 92' lang='lat'>2.</span> 
     </span>
    </p>
   </div>
   <div class='ocr_carea' id='block_1_3' title="bbox 436 1962 1906 2077">
    <p class='ocr_par' dir='ltr' id='par_1_3' title="bbox 436 1962 1906 2077">
     <span class='ocr_line' id='line_1_19' title="bbox 436 1962 1906 2016; baseline -0.001 -13"><span class='ocrx_word' id='word_1_184' title='bbox 436 1963 1052 2016; x_wconf 70' lang='lat' dir='ltr'>CLXIV—Agreementfor</span> <span class='ocrx_word' id='word_1_185' title='bbox 1070 1963 1382 2015; x_wconf 71' lang='lat' dir='ltr'>llffamtsaclure</span> <span class='ocrx_word' id='word_1_186' title='bbox 1402 1963 1456 2015; x_wconf 87' lang='lat' dir='ltr'>of</span> <span class='ocrx_word' id='word_1_187' title='bbox 1471 1963 1623 2004; x_wconf 81' lang='lat' dir='ltr'><em>Gloves</em></span> <span class='ocrx_word' id='word_1_188' title='bbox 1632 1963 1715 2014; x_wconf 79' lang='lat' dir='ltr'>for</span> <span class='ocrx_word' id='word_1_189' title='bbox 1736 1962 1838 2003; x_wconf 79' lang='lat' dir='ltr'>Sale</span> <span class='ocrx_word' id='word_1_190' title='bbox 1858 1968 1906 2001; x_wconf 82' lang='lat' dir='ltr'>at</span> 
     </span>
     <span class='ocr_line' id='line_1_20' title="bbox 1017 2036 1319 2077; baseline 0 -1"><span class='ocrx_word' id='word_1_191' title='bbox 1017 2036 1177 2077; x_wconf 66' lang='lat' dir='ltr'>Lentem</span> <span class='ocrx_word' id='word_1_192' title='bbox 1199 2036 1319 2076; x_wconf 82' lang='lat' dir='ltr'>Faz&#39;r.</span> 
     </span>
    </p>
   </div>
   <div class='ocr_carea' id='block_1_4' title="bbox 933 2126 1410 2177">
    <p class='ocr_par' dir='ltr' id='par_1_4' title="bbox 933 2126 1410 2177">
     <span class='ocr_line' id='line_1_21' title="bbox 933 2126 1410 2177; baseline 0.002 -12"><span class='ocrx_word' id='word_1_193' title='bbox 933 2127 1048 2177; x_wconf 81' lang='lat'>1396,</span> <span class='ocrx_word' id='word_1_194' title='bbox 1075 2140 1088 2165; x_wconf 79' lang='lat' dir='ltr'>i</span> <span class='ocrx_word' id='word_1_195' title='bbox 1100 2126 1325 2166; x_wconf 44' lang='lat' dir='ltr'>Tovember</span> <span class='ocrx_word' id='word_1_196' title='bbox 1349 2138 1410 2177; x_wconf 85' lang='lat'>29.</span> 
     </span>
    </p>
   </div>
   <div class='ocr_carea' id='block_1_5' title="bbox 309 2229 2036 3315">
    <p class='ocr_par' dir='ltr' id='par_1_5' title="bbox 309 2229 2036 3315">
     <span class='ocr_line' id='line_1_22' title="bbox 395 2229 2032 2284; baseline 0 -13"><span class='ocrx_word' id='word_1_197' title='bbox 395 2230 591 2271; x_wconf 90' lang='lat' dir='ltr'>Thomas</span> <span class='ocrx_word' id='word_1_198' title='bbox 632 2231 687 2271; x_wconf 92' lang='lat' dir='ltr'>de</span> <span class='ocrx_word' id='word_1_199' title='bbox 731 2231 914 2280; x_wconf 89' lang='lat' dir='ltr'>Lenton‚</span> <span class='ocrx_word' id='word_1_200' title='bbox 958 2231 1116 2284; x_wconf 80' lang='lat' dir='ltr'>glover,</span> <span class='ocrx_word' id='word_1_201' title='bbox 1153 2232 1346 2284; x_wconf 90' lang='lat' dir='ltr'>queritur</span> <span class='ocrx_word' id='word_1_202' title='bbox 1382 2232 1437 2272; x_wconf 90' lang='lat' dir='ltr'>de</span> <span class='ocrx_word' id='word_1_203' title='bbox 1478 2231 1652 2272; x_wconf 88' lang='lat' dir='ltr'>Thoma</span> <span class='ocrx_word' id='word_1_204' title='bbox 1685 2231 1754 2271; x_wconf 90' lang='lat' dir='ltr'>del</span> <span class='ocrx_word' id='word_1_205' title='bbox 1800 2229 1941 2271; x_wconf 88' lang='lat' dir='ltr'>Peeke</span> <span class='ocrx_word' id='word_1_206' title='bbox 1976 2231 2032 2271; x_wconf 91' lang='lat' dir='ltr'>de</span> 
     </span>
     <span class='ocr_line' id='line_1_23' title="bbox 309 2303 2031 2358; baseline 0 -14"><span class='ocrx_word' id='word_1_207' title='bbox 309 2303 470 2357; x_wconf 87' lang='lat' dir='ltr'>placito</span> <span class='ocrx_word' id='word_1_208' title='bbox 491 2304 846 2358; x_wconf 83' lang='lat' dir='ltr'>transgressionis</span> <span class='ocrx_word' id='word_1_209' title='bbox 869 2311 912 2346; x_wconf 91' lang='lat' dir='ltr'>et</span> <span class='ocrx_word' id='word_1_210' title='bbox 933 2310 1213 2358; x_wconf 87' lang='lat' dir='ltr'>contemptus</span> <span class='ocrx_word' id='word_1_211' title='bbox 1235 2311 1387 2346; x_wconf 89' lang='lat' dir='ltr'>contra</span> <span class='ocrx_word' id='word_1_212' title='bbox 1411 2305 1649 2356; x_wconf 91' lang='lat' dir='ltr'>Statutum,</span> <span class='ocrx_word' id='word_1_213' title='bbox 1667 2306 1722 2346; x_wconf 93' lang='lat' dir='ltr'>de</span> <span class='ocrx_word' id='word_1_214' title='bbox 1743 2318 1795 2346; x_wconf 93' lang='lat' dir='ltr'>eo</span> <span class='ocrx_word' id='word_1_215' title='bbox 1817 2304 1935 2358; x_wconf 93' lang='lat' dir='ltr'>quod</span> <span class='ocrx_word' id='word_1_216' title='bbox 1958 2304 2031 2344; x_wconf 91' lang='lat' dir='ltr'>ubi</span> 
     </span>
     <span class='ocr_line' id='line_1_24' title="bbox 310 2377 2031 2433; baseline 0.001 -15"><span class='ocrx_word' id='word_1_217' title='bbox 310 2378 425 2419; x_wconf 91' lang='lat' dir='ltr'>idem</span> <span class='ocrx_word' id='word_1_218' title='bbox 448 2378 644 2419; x_wconf 91' lang='lat' dir='ltr'>Thomas</span> <span class='ocrx_word' id='word_1_219' title='bbox 666 2378 735 2420; x_wconf 91' lang='lat' dir='ltr'>del</span> <span class='ocrx_word' id='word_1_220' title='bbox 761 2378 886 2429; x_wconf 84' lang='lat' dir='ltr'>Peek,</span> <span class='ocrx_word' id='word_1_221' title='bbox 910 2379 951 2419; x_wconf 92' lang='lat' dir='ltr'>in</span> <span class='ocrx_word' id='word_1_222' title='bbox 975 2379 1222 2432; x_wconf 87' lang='lat' dir='ltr'>septimana</span> <span class='ocrx_word' id='word_1_223' title='bbox 1243 2380 1448 2433; x_wconf 78' lang='lat' dir='ltr'>proxima</span> <span class='ocrx_word' id='word_1_224' title='bbox 1470 2387 1572 2420; x_wconf 91' lang='lat' dir='ltr'>ante</span> <span class='ocrx_word' id='word_1_225' title='bbox 1593 2379 1752 2420; x_wconf 87' lang='lat' dir='ltr'>festum</span> <span class='ocrx_word' id='word_1_226' title='bbox 1776 2377 2031 2419; x_wconf 89' lang='lat' dir='ltr'>Nativitatis</span> 
     </span>
     <span class='ocr_line' id='line_1_25' title="bbox 312 2451 2032 2507; baseline -0.001 -14"><span class='ocrx_word' id='word_1_227' title='bbox 312 2452 463 2494; x_wconf 89' lang='lat' dir='ltr'>Sancti</span> <span class='ocrx_word' id='word_1_228' title='bbox 490 2452 715 2505; x_wconf 90' lang='lat' dir='ltr'>Johannis,</span> <span class='ocrx_word' id='word_1_229' title='bbox 739 2466 855 2493; x_wconf 91' lang='lat' dir='ltr'>anno</span> <span class='ocrx_word' id='word_1_230' title='bbox 887 2453 1007 2506; x_wconf 80' lang='lat' dir='ltr'>regni</span> <span class='ocrx_word' id='word_1_231' title='bbox 1040 2453 1152 2507; x_wconf 81' lang='lat' dir='ltr'>regis</span> <span class='ocrx_word' id='word_1_232' title='bbox 1181 2467 1296 2494; x_wconf 92' lang='lat' dir='ltr'>nunc</span> <span class='ocrx_word' id='word_1_233' title='bbox 1326 2461 1424 2504; x_wconf 75' lang='grc' dir='ltr'>ΧΧΟ,</span> <span class='ocrx_word' id='word_1_234' title='bbox 1446 2453 1794 2502; x_wconf 80' lang='lat' dir='ltr'>conventionem,</span> <span class='ocrx_word' id='word_1_235' title='bbox 1817 2452 1886 2492; x_wconf 92' lang='lat' dir='ltr'>hic</span> <span class='ocrx_word' id='word_1_236' title='bbox 1915 2451 2032 2505; x_wconf 92' lang='lat' dir='ltr'>apud</span> 
     </span>
     <span class='ocr_line' id='line_1_26' title="bbox 313 2525 2033 2581; baseline 0 -15"><span class='ocrx_word' id='word_1_237' title='bbox 313 2525 614 2578; x_wconf 78' lang='lat' dir='ltr'>Notyngham,</span> <span class='ocrx_word' id='word_1_238' title='bbox 637 2525 738 2566; x_wconf 90' lang='lat' dir='ltr'>fecit</span> <span class='ocrx_word' id='word_1_239' title='bbox 769 2539 867 2566; x_wconf 93' lang='lat' dir='ltr'>cum</span> <span class='ocrx_word' id='word_1_240' title='bbox 898 2526 1122 2579; x_wconf 84' lang='lat' dir='ltr'>praedicto</span> <span class='ocrx_word' id='word_1_241' title='bbox 1152 2527 1326 2568; x_wconf 86' lang='lat' dir='ltr'>Thoma</span> <span class='ocrx_word' id='word_1_242' title='bbox 1348 2528 1402 2568; x_wconf 90' lang='lat' dir='ltr'>de</span> <span class='ocrx_word' id='word_1_243' title='bbox 1433 2528 1606 2568; x_wconf 86' lang='lat' dir='ltr'>Lenton</span> <span class='ocrx_word' id='word_1_244' title='bbox 1637 2527 1691 2567; x_wconf 90' lang='lat' dir='ltr'>ad</span> <span class='ocrx_word' id='word_1_245' title='bbox 1721 2526 1968 2581; x_wconf 87' lang='lat' dir='ltr'>scissandos</span> <span class='ocrx_word' id='word_1_246' title='bbox 1990 2532 2033 2566; x_wconf 94' lang='lat' dir='ltr'>et</span> 
     </span>
     <span class='ocr_line' id='line_1_27' title="bbox 312 2599 2034 2654; baseline 0 -15"><span class='ocrx_word' id='word_1_247' title='bbox 312 2600 557 2651; x_wconf 89' lang='lat' dir='ltr'>operandos</span> <span class='ocrx_word' id='word_1_248' title='bbox 588 2599 695 2653; x_wconf 77' lang='lat' dir='ltr'>xxij.</span> <span class='ocrx_word' id='word_1_249' title='bbox 720 2600 900 2641; x_wconf 90' lang='lat' dir='ltr'>dozinos</span> <span class='ocrx_word' id='word_1_250' title='bbox 929 2601 1255 2641; x_wconf 88' lang='lat' dir='ltr'>cerothecarum</span> <span class='ocrx_word' id='word_1_251' title='bbox 1282 2602 1337 2642; x_wconf 92' lang='lat' dir='ltr'>de</span> <span class='ocrx_word' id='word_1_252' title='bbox 1366 2601 1562 2642; x_wconf 89' lang='lat' dir='ltr'>ceroticis</span> <span class='ocrx_word' id='word_1_253' title='bbox 1591 2600 1800 2654; x_wconf 86' lang='lat' dir='ltr'>praedicti</span> <span class='ocrx_word' id='word_1_254' title='bbox 1833 2599 2034 2640; x_wconf 92' lang='lat' dir='ltr'>Thomae</span> 
     </span>
     <span class='ocr_line' id='line_1_28' title="bbox 313 2671 2033 2727; baseline -0.001 -14"><span class='ocrx_word' id='word_1_255' title='bbox 313 2673 367 2713; x_wconf 91' lang='lat' dir='ltr'>de</span> <span class='ocrx_word' id='word_1_256' title='bbox 403 2673 588 2723; x_wconf 91' lang='lat' dir='ltr'>Lenton‚</span> <span class='ocrx_word' id='word_1_257' title='bbox 612 2674 672 2714; x_wconf 91' lang='lat' dir='ltr'>ita</span> <span class='ocrx_word' id='word_1_258' title='bbox 694 2675 811 2727; x_wconf 91' lang='lat' dir='ltr'>quod</span> <span class='ocrx_word' id='word_1_259' title='bbox 846 2674 962 2715; x_wconf 91' lang='lat' dir='ltr'>idem</span> <span class='ocrx_word' id='word_1_260' title='bbox 998 2674 1194 2715; x_wconf 90' lang='lat' dir='ltr'>Thomas</span> <span class='ocrx_word' id='word_1_261' title='bbox 1223 2675 1277 2715; x_wconf 88' lang='lat' dir='ltr'>de</span> <span class='ocrx_word' id='word_1_262' title='bbox 1314 2675 1486 2716; x_wconf 91' lang='lat' dir='ltr'>Lenton</span> <span class='ocrx_word' id='word_1_263' title='bbox 1517 2675 1571 2715; x_wconf 88' lang='lat' dir='ltr'>de</span> <span class='ocrx_word' id='word_1_264' title='bbox 1604 2674 1723 2715; x_wconf 91' lang='lat' dir='ltr'>dicto</span> <span class='ocrx_word' id='word_1_265' title='bbox 1757 2673 1932 2714; x_wconf 89' lang='lat' dir='ltr'>Thoma</span> <span class='ocrx_word' id='word_1_266' title='bbox 1963 2671 2033 2713; x_wconf 90' lang='lat' dir='ltr'>del</span> 
     </span>
     <span class='ocr_line' id='line_1_29' title="bbox 316 2746 2035 2800; baseline 0.001 -14"><span class='ocrx_word' id='word_1_267' title='bbox 316 2746 430 2786; x_wconf 83' lang='lat' dir='ltr'>Peek</span> <span class='ocrx_word' id='word_1_268' title='bbox 452 2747 632 2788; x_wconf 87' lang='lat' dir='ltr'>haberet</span> <span class='ocrx_word' id='word_1_269' title='bbox 654 2747 848 2800; x_wconf 87' lang='lat' dir='ltr'>qualibet</span> <span class='ocrx_word' id='word_1_270' title='bbox 870 2747 1117 2800; x_wconf 88' lang='lat' dir='ltr'>septimana</span> <span class='ocrx_word' id='word_1_271' title='bbox 1138 2749 1247 2788; x_wconf 91' lang='lat' dir='ltr'>duas</span> <span class='ocrx_word' id='word_1_272' title='bbox 1269 2748 1469 2789; x_wconf 90' lang='lat' dir='ltr'>dussinas</span> <span class='ocrx_word' id='word_1_273' title='bbox 1498 2748 1835 2797; x_wconf 85' lang='lat' dir='ltr'>cerothecarum,</span> <span class='ocrx_word' id='word_1_274' title='bbox 1858 2747 1970 2788; x_wconf 87' lang='lat' dir='ltr'>bene</span> <span class='ocrx_word' id='word_1_275' title='bbox 1991 2753 2035 2787; x_wconf 92' lang='lat' dir='ltr'>et</span> 
     </span>
     <span class='ocr_line' id='line_1_30' title="bbox 315 2818 2034 2874; baseline 0 -15"><span class='ocrx_word' id='word_1_276' title='bbox 315 2818 498 2861; x_wconf 85' lang='lat' dir='ltr'>fideliter</span> <span class='ocrx_word' id='word_1_277' title='bbox 531 2821 786 2861; x_wconf 88' lang='lat' dir='ltr'>cissatarum</span> <span class='ocrx_word' id='word_1_278' title='bbox 820 2827 863 2862; x_wconf 92' lang='lat' dir='ltr'>et</span> <span class='ocrx_word' id='word_1_279' title='bbox 896 2827 1185 2874; x_wconf 86' lang='lat' dir='ltr'>operatarum,</span> <span class='ocrx_word' id='word_1_280' title='bbox 1208 2835 1284 2874; x_wconf 90' lang='lat' dir='ltr'>per</span> <span class='ocrx_word' id='word_1_281' title='bbox 1312 2821 1504 2874; x_wconf 79' lang='lat' dir='ltr'>vigiliam</span> <span class='ocrx_word' id='word_1_282' title='bbox 1541 2821 1691 2863; x_wconf 87' lang='lat' dir='ltr'>Sancti</span> <span class='ocrx_word' id='word_1_283' title='bbox 1722 2820 1901 2860; x_wconf 89' lang='lat' dir='ltr'>Martini</span> <span class='ocrx_word' id='word_1_284' title='bbox 1930 2826 2034 2860; x_wconf 92' lang='lat' dir='ltr'>tunc</span> 
     </span>
     <span class='ocr_line' id='line_1_31' title="bbox 314 2892 2032 2947; baseline -0.001 -14"><span class='ocrx_word' id='word_1_285' title='bbox 314 2894 563 2946; x_wconf 80' lang='lat' dir='ltr'>proximam</span> <span class='ocrx_word' id='word_1_286' title='bbox 601 2900 868 2947; x_wconf 85' lang='lat' dir='ltr'>sequentem,</span> <span class='ocrx_word' id='word_1_287' title='bbox 906 2894 1024 2934; x_wconf 91' lang='lat' dir='ltr'>nulla</span> <span class='ocrx_word' id='word_1_288' title='bbox 1065 2894 1313 2947; x_wconf 89' lang='lat' dir='ltr'>septimana</span> <span class='ocrx_word' id='word_1_289' title='bbox 1353 2894 1582 2935; x_wconf 87' lang='lat' dir='ltr'>deficiente</span> <span class='ocrx_word' id='word_1_290' title='bbox 1623 2894 1678 2934; x_wconf 93' lang='lat' dir='ltr'>de</span> <span class='ocrx_word' id='word_1_291' title='bbox 1719 2892 1952 2946; x_wconf 88' lang='lat' dir='ltr'>praedictis</span> <span class='ocrx_word' id='word_1_292' title='bbox 1993 2892 2032 2945; x_wconf 87' lang='lat' dir='ltr'>ij.</span> 
     </span>
     <span class='ocr_line' id='line_1_32' title="bbox 317 2965 2032 3021; baseline -0.001 -14"><span class='ocrx_word' id='word_1_293' title='bbox 317 2967 482 3007; x_wconf 89' lang='lat' dir='ltr'>dozinis</span> <span class='ocrx_word' id='word_1_294' title='bbox 505 2966 734 3008; x_wconf 88' lang='lat' dir='ltr'>deficiente</span> <span class='ocrx_word' id='word_1_295' title='bbox 766 2968 807 3007; x_wconf 89' lang='lat' dir='ltr'>in</span> <span class='ocrx_word' id='word_1_296' title='bbox 838 2968 1122 3020; x_wconf 88' lang='lat' dir='ltr'>operatione,2</span> <span class='ocrx_word' id='word_1_297' title='bbox 1144 2967 1205 3009; x_wconf 88' lang='lat' dir='ltr'>ita</span> <span class='ocrx_word' id='word_1_298' title='bbox 1226 2968 1344 3021; x_wconf 91' lang='lat' dir='ltr'>quod</span> <span class='ocrx_word' id='word_1_299' title='bbox 1367 2982 1439 3009; x_wconf 88' lang='lat' dir='ltr'>eas</span> <span class='ocrx_word' id='word_1_300' title='bbox 1468 2981 1621 3008; x_wconf 91' lang='lat' dir='ltr'>omnes</span> <span class='ocrx_word' id='word_1_301' title='bbox 1650 2967 1894 3020; x_wconf 90' lang='lat' dir='ltr'>praedictas</span> <span class='ocrx_word' id='word_1_302' title='bbox 1923 2965 2032 3019; x_wconf 84' lang='lat' dir='ltr'>xxij.</span> 
     </span>
     <span class='ocr_line' id='line_1_33' title="bbox 315 3039 2034 3093; baseline -0.001 -13"><span class='ocrx_word' id='word_1_303' title='bbox 315 3041 493 3081; x_wconf 89' lang='lat' dir='ltr'>dozinas</span> <span class='ocrx_word' id='word_1_304' title='bbox 515 3041 626 3081; x_wconf 87' lang='lat' dir='ltr'>inter</span> <span class='ocrx_word' id='word_1_305' title='bbox 648 3041 758 3082; x_wconf 89' lang='lat' dir='ltr'>festa</span> <span class='ocrx_word' id='word_1_306' title='bbox 781 3041 932 3083; x_wconf 90' lang='lat' dir='ltr'>Sancti</span> <span class='ocrx_word' id='word_1_307' title='bbox 955 3041 1134 3082; x_wconf 89' lang='lat' dir='ltr'>Martini</span> <span class='ocrx_word' id='word_1_308' title='bbox 1163 3047 1206 3082; x_wconf 93' lang='lat' dir='ltr'>et</span> <span class='ocrx_word' id='word_1_309' title='bbox 1229 3041 1456 3082; x_wconf 89' lang='lat' dir='ltr'>Michaelis</span> <span class='ocrx_word' id='word_1_310' title='bbox 1479 3040 1712 3090; x_wconf 86' lang='lat' dir='ltr'>habuisset,</span> <span class='ocrx_word' id='word_1_311' title='bbox 1736 3040 1950 3093; x_wconf 90' lang='lat' dir='ltr'>capiendo</span> <span class='ocrx_word' id='word_1_312' title='bbox 1979 3039 2034 3079; x_wconf 87' lang='lat' dir='ltr'>ad</span> 
     </span>
     <span class='ocr_line' id='line_1_34' title="bbox 315 3113 2036 3168; baseline -0.001 -15"><span class='ocrx_word' id='word_1_313' title='bbox 315 3114 354 3154; x_wconf 93' lang='lat' dir='ltr'>le</span> <span class='ocrx_word' id='word_1_314' title='bbox 376 3115 533 3166; x_wconf 84' lang='lat' dir='ltr'>doziyn</span> <span class='ocrx_word' id='word_1_315' title='bbox 564 3114 649 3167; x_wconf 89' lang='lat' dir='ltr'>iijd.</span> <span class='ocrx_word' id='word_1_316' title='bbox 673 3128 899 3167; x_wconf 85' lang='lat' dir='ltr'>quousque</span> <span class='ocrx_word' id='word_1_317' title='bbox 929 3129 985 3155; x_wconf 78' lang='lat' dir='ltr'>vs,</span> <span class='ocrx_word' id='word_1_318' title='bbox 1009 3122 1052 3156; x_wconf 90' lang='lat' dir='ltr'>et</span> <span class='ocrx_word' id='word_1_319' title='bbox 1073 3115 1157 3168; x_wconf 89' lang='lat' dir='ltr'>vjd.</span> <span class='ocrx_word' id='word_1_320' title='bbox 1188 3129 1267 3168; x_wconf 89' lang='lat' dir='ltr'>pro</span> <span class='ocrx_word' id='word_1_321' title='bbox 1298 3115 1415 3156; x_wconf 89' lang='lat' dir='ltr'>corio</span> <span class='ocrx_word' id='word_1_322' title='bbox 1446 3122 1597 3168; x_wconf 88' lang='lat' dir='ltr'>empto</span> <span class='ocrx_word' id='word_1_323' title='bbox 1625 3115 1680 3154; x_wconf 88' lang='lat' dir='ltr'>de</span> <span class='ocrx_word' id='word_1_324' title='bbox 1711 3114 1829 3154; x_wconf 88' lang='lat' dir='ltr'>dicto</span> <span class='ocrx_word' id='word_1_325' title='bbox 1861 3113 2036 3153; x_wconf 91' lang='lat' dir='ltr'>Thoma</span> 
     </span>
     <span class='ocr_line' id='line_1_35' title="bbox 317 3186 2034 3240; baseline -0.001 -12"><span class='ocrx_word' id='word_1_326' title='bbox 317 3188 371 3228; x_wconf 92' lang='lat' dir='ltr'>de</span> <span class='ocrx_word' id='word_1_327' title='bbox 405 3188 578 3228; x_wconf 91' lang='lat' dir='ltr'>Lenton</span> <span class='ocrx_word' id='word_1_328' title='bbox 611 3201 780 3228; x_wconf 86' lang='lat' dir='ltr'>sursum</span> <span class='ocrx_word' id='word_1_329' title='bbox 813 3189 1003 3229; x_wconf 87' lang='lat' dir='ltr'>venisset</span> <span class='ocrx_word' id='word_1_330' title='bbox 1034 3189 1210 3239; x_wconf 91' lang='lat' dir='ltr'>solutos,</span> <span class='ocrx_word' id='word_1_331' title='bbox 1234 3189 1350 3229; x_wconf 90' lang='lat' dir='ltr'>idem</span> <span class='ocrx_word' id='word_1_332' title='bbox 1381 3189 1576 3229; x_wconf 90' lang='lat' dir='ltr'>Thomas</span> <span class='ocrx_word' id='word_1_333' title='bbox 1599 3188 1668 3229; x_wconf 90' lang='lat' dir='ltr'>del</span> <span class='ocrx_word' id='word_1_334' title='bbox 1700 3186 1815 3228; x_wconf 89' lang='lat' dir='ltr'>Peek</span> <span class='ocrx_word' id='word_1_335' title='bbox 1836 3187 1891 3227; x_wconf 91' lang='lat' dir='ltr'>de</span> <span class='ocrx_word' id='word_1_336' title='bbox 1912 3199 2034 3240; x_wconf 90' lang='lat' dir='ltr'>prae-</span> 
     </span>
     <span class='ocr_line' id='line_1_36' title="bbox 317 3260 2034 3315; baseline -0.001 -14"><span class='ocrx_word' id='word_1_337' title='bbox 317 3261 442 3302; x_wconf 90' lang='lat' dir='ltr'>dictis</span> <span class='ocrx_word' id='word_1_338' title='bbox 472 3261 579 3313; x_wconf 80' lang='lat' dir='ltr'>xxij.</span> <span class='ocrx_word' id='word_1_339' title='bbox 603 3261 769 3301; x_wconf 86' lang='lat' dir='ltr'>dozinis</span> <span class='ocrx_word' id='word_1_340' title='bbox 799 3261 972 3301; x_wconf 89' lang='lat' dir='ltr'>cissavit</span> <span class='ocrx_word' id='word_1_341' title='bbox 1001 3262 1082 3302; x_wconf 89' lang='lat' dir='ltr'>nisi</span> <span class='ocrx_word' id='word_1_342' title='bbox 1111 3262 1163 3315; x_wconf 90' lang='lat' dir='ltr'>vj.</span> <span class='ocrx_word' id='word_1_343' title='bbox 1187 3263 1368 3303; x_wconf 90' lang='lat' dir='ltr'>dozinos</span> <span class='ocrx_word' id='word_1_344' title='bbox 1391 3269 1434 3302; x_wconf 90' lang='lat' dir='ltr'>et</span> <span class='ocrx_word' id='word_1_345' title='bbox 1455 3262 1526 3315; x_wconf 88' lang='lat' dir='ltr'>iiij.</span> <span class='ocrx_word' id='word_1_346' title='bbox 1549 3262 1670 3315; x_wconf 89' lang='lat' dir='ltr'>paria</span> <span class='ocrx_word' id='word_1_347' title='bbox 1697 3260 2034 3309; x_wconf 89' lang='lat' dir='ltr'>cerothecarum,</span> 
     </span>
    </p>
   </div>
   <div class='ocr_carea' id='block_1_6' title="bbox 420 3348 1930 3392">
    <p class='ocr_par' dir='ltr' id='par_1_6' title="bbox 420 3348 1930 3392">
     <span class='ocr_line' id='line_1_37' title="bbox 420 3348 1930 3392; baseline -0.001 -12"><span class='ocrx_word' id='word_1_348' title='bbox 420 3353 427 3365; x_wconf 74' lang='lat'>¹</span> <span class='ocrx_word' id='word_1_349' title='bbox 452 3351 642 3380; x_wconf 64' lang='lat' dir='ltr'>deteriorati</span> <span class='ocrx_word' id='word_1_350' title='bbox 664 3350 772 3388; x_wconf 81' lang='lat' dir='ltr'>sunt,]</span> <span class='ocrx_word' id='word_1_351' title='bbox 807 3349 1042 3381; x_wconf 77' lang='lat' dir='ltr'>‘deterioratus</span> <span class='ocrx_word' id='word_1_352' title='bbox 1074 3350 1147 3389; x_wconf 82' lang='lat' dir='ltr'>est‚’</span> <span class='ocrx_word' id='word_1_353' title='bbox 1164 3351 1237 3382; x_wconf 89' lang='lat' dir='ltr'>MS.</span> <span class='ocrx_word' id='word_1_354' title='bbox 1394 3356 1406 3368; x_wconf 69' lang='lat'><em>²</em></span> <span class='ocrx_word' id='word_1_355' title='bbox 1428 3351 1636 3392; x_wconf 73' lang='lat' dir='ltr'>operatione‚]</span> <span class='ocrx_word' id='word_1_356' title='bbox 1657 3348 1841 3391; x_wconf 79' lang='lat' dir='ltr'>‘operatis‚&#39;</span> <span class='ocrx_word' id='word_1_357' title='bbox 1858 3349 1930 3380; x_wconf 89' lang='lat' dir='ltr'>MS.</span> 
     </span>
    </p>
   </div>
  </div>
 </body>
</html>
