2198 3845
348 403 422 443 132
606 401 824 433 RECORDS
856 401 917 432 OF
949 401 1049 431 THE
1082 400 1317 432 BOROUGH
1350 400 1410 432 OF
1445 400 1791 432 NOTTINGHAM.
1927 390 2057 443 [1339

344 523 455 572 villa,
485 522 615 576 juxta
647 528 946 563 tenementum
970 522 1193 574 quondam
1230 521 1404 562 Radulfi
1437 522 1590 574 Stoyle
1616 535 1672 562 ex
1702 528 1825 575 parte
1857 521 2063 572 australi,1

344 596 556 645 videlicet,
580 596 689 636 duos
712 595 874 635 solidos
903 602 945 635 et
968 601 1053 635 tres
1076 595 1276 635 denarios
1306 596 1360 635 ad
1385 595 1542 635 festum
1575 587 1845 635 Inven'tionis
1877 596 2066 637 Sanctae

347 670 506 718 Crucis,
530 676 572 710 et
603 670 713 709 duos
746 669 907 709 solidos
940 675 983 709 et
1015 675 1101 708 tres
1130 669 1331 708 denarios
1364 670 1417 709 ad
1442 668 1601 709 festum
1633 669 1782 710 Sancti
1814 669 1992 709 Martini
2022 669 2064 709 in

344 746 511 785 Yeme:
554 744 778 784 habendas
820 750 863 784 et
904 743 1116 783 tenendas
1154 743 1387 796 praedictis
1426 743 1635 784 Gervasio
1671 749 1714 782 et
1750 743 1973 783 willelmo
2011 744 2065 783 de

349 818 563 867 Holbeck,
606 817 852 870 capellanis,
894 823 937 857 et
974 830 1123 856 eorum
1166 817 1497 866 successoribus,
1539 816 1802 869 capellanis;
1846 817 1906 857 ita
1947 817 2064 869 quod

345 892 554 944 praedicti
596 891 829 932 Gervasius
870 896 912 930 et
954 889 1200 930 &Villelmus
1237 891 1292 930 de
1336 890 1550 939 Holbeck,
1588 904 1637 930 ac
1679 903 1947 930 successores
1989 891 2064 939 sui,

345 965 568 1018 capellani,
587 964 767 1017 singulis
790 963 914 1003 annis
932 963 1002 1003 die
1023 963 1167 1004 obitus
1192 964 1274 1003 mei
1298 964 1521 1004 inveniant
1538 964 1775 1016 quamdam
1794 963 2064 1016 potationem

345 1039 548 1079 omnibus
583 1037 828 1090 capellanis,
863 1037 1037 1086 clericis,
1071 1043 1112 1077 et
1146 1037 1349 1077 omnibus
1383 1037 1476 1076 aliis
1510 1036 1760 1076 hominibus
1793 1036 2066 1077 venientibus

346 1113 400 1152 ad
436 1112 604 1152 obitum
639 1124 795 1159 meum,
831 1110 1179 1162 imperpetuum:
1212 1117 1255 1150 et
1288 1110 1322 1150 si
1357 1111 1604 1163 praedictus
1638 1110 1832 1150 redditus
1867 1110 1909 1149 in
1944 1117 2067 1163 parte

346 1186 411 1225 vel
450 1186 491 1225 in
526 1191 621 1225 toto
658 1185 798 1224 eidem
837 1184 1057 1232 Gervasio,
1091 1197 1165 1224 seu
1203 1183 1328 1224 alicui
1366 1197 1663 1224 successorum
1700 1197 1888 1233 suorum,
1926 1191 2068 1225 aretro

346 1258 472 1299 fuerit
510 1258 656 1311 aliquo
693 1258 880 1298 termino
917 1257 1061 1297 futuro
1098 1258 1431 1310 imperpetuum,
1469 1265 1572 1298 tunc
1615 1258 1725 1298 bene
1761 1257 1888 1298 liceat
1925 1258 2066 1299 eidem

347 1332 566 1380 Gervasi0‚
610 1338 652 1372 et
693 1331 1012 1371 successoribus
1054 1331 1152 1379 suis,
1195 1332 1235 1370 in
1279 1332 1482 1372 omnibus
1530 1332 1791 1372 tenementis
1833 1332 2067 1385 praedictis

345 1407 603 1459 distringere
633 1419 861 1458 quousque
893 1405 947 1445 sit
977 1405 1037 1445 eis
1068 1405 1169 1444 inde
1199 1404 1498 1455 satisfactum,
1532 1405 1591 1445 ita
1620 1411 1767 1445 tamen
1798 1405 1915 1458 quod
1946 1419 2067 1458 prae-

347 1481 488 1521 dictus
531 1480 773 1527 Gervasius,
811 1479 877 1518 vel
921 1478 1074 1531 aliquis
1116 1492 1413 1519 successorum
1452 1492 1638 1528 suorum,
1677 1493 1702 1518 a
1743 1485 1940 1531 tempore
1982 1493 2069 1532 quo

346 1554 540 1594 cantaria
571 1553 697 1593 fuerit
729 1553 943 1601 inchoata,
971 1566 1047 1605 per
1078 1559 1178 1592 octo
1207 1553 1298 1592 dies
1331 1554 1603 1601 cessaverint,
1627 1552 1792 1605 absque
1824 1553 2068 1593 rationabili

347 1641 487 1675 causa,
511 1640 535 1666 a
557 1626 848 1666 celebratione
870 1626 1103 1678 praedicta,
1127 1632 1170 1666 et
1200 1626 1331 1666 alium
1356 1627 1630 1679 capellanum
1653 1626 1876 1678 ydoneum
1908 1626 1949 1666 in
1973 1626 2069 1666 loco

347 1715 426 1741 suo
455 1701 509 1741 ad
540 1700 874 1740 celebrandum2
906 1713 991 1739 non
1022 1701 1256 1753 posuerint,
1280 1706 1444 1740 extunc
1472 1700 1541 1740 ille
1570 1700 1629 1739 sic
1653 1713 1826 1739 cessans
1855 1699 1985 1739 nichil
2015 1701 2070 1740 de

347 1775 571 1828 praedicto
606 1774 776 1813 redditu
812 1774 962 1826 exigat
997 1788 1075 1814 nec
1111 1774 1320 1827 percipiat
1352 1775 1685 1827 imperpetuum,
1710 1780 1774 1814 set
1807 1773 1979 1826 penitus
2012 1774 2067 1814 ab

349 1849 502 1888 eadem
526 1848 719 1887 cantaria
743 1854 1006 1896 amoveatur,
1031 1854 1073 1888 et
1096 1848 1203 1888 alius
1227 1848 1476 1901 capellanus
1507 1848 1548 1888 in
1573 1847 1668 1888 loco
1697 1861 1775 1887 suo
1797 1847 2064 1900 subrogetur.

348 1921 465 1962 Volo
499 1921 642 1970 etiam,
666 1926 765 1973 post
800 1927 984 1961 mortem
1020 1922 1229 1974 praedicti
1265 1922 1471 1971 Gervasfi,
1502 1928 1778 1974 praesentare
1812 1922 1866 1962 ad
1904 1922 2067 1962 dictam

349 1994 588 2034 cantariam
624 1994 665 2033 in
702 2000 796 2034 tota
829 1994 918 2034 vita
953 2008 1059 2044 mea,
1084 1995 1476 2048 quotienscumque
1510 1995 1740 2047 contigerit
1769 1995 1932 2036 dictam
1968 2009 2067 2036 can-

350 2069 504 2109 tariam
542 2081 705 2108 vacare.
767 2067 884 2108 Volo
921 2068 1052 2108 ctiam
1091 2069 1220 2121 quod,
1258 2075 1357 2121 post
1395 2075 1579 2109 mortem
1619 2082 1773 2117 meam,
1811 2068 1991 2109 heredes
2028 2076 2071 2109 et

350 2148 606 2182 executores
644 2141 739 2190 mei,
778 2141 818 2180 in
857 2142 1051 2194 qualibet
1085 2143 1322 2192 vacatione,
1358 2150 1637 2195 praesentent
1674 2157 1808 2183 unum
1845 2144 2069 2196 ydoneum

345 2216 624 2269 capellanum
663 2216 717 2255 ad
755 2215 993 2255 cantariam
1032 2216 1312 2268 praedictam,
1351 2216 1459 2256 infra
1497 2216 1648 2269 viginti
1686 2217 1778 2257 dies
1814 2230 1839 2256 a
1875 2222 2072 2269 tempore

349 2289 588 2330 vacationis
630 2288 905 2341 praedictae:
947 2295 990 2329 et
1027 2289 1060 2328 si
1099 2289 1279 2329 heredes
1317 2295 1360 2330 et
1397 2297 1654 2330 executores
1693 2290 1776 2330 mei
1814 2290 1868 2330 ad
1907 2291 2071 2330 dictam

350 2363 589 2403 cantariam
621 2361 730 2402 infra
752 2363 904 2415 viginti
928 2363 1020 2403 dies
1043 2376 1067 2402 a
1090 2369 1286 2416 tempore
1308 2377 1394 2416 quo
1417 2364 1647 2416 contigerit
1670 2364 1809 2417 ipsam
1833 2365 2071 2405 cantariam

351 2449 505 2476 vacare
534 2449 621 2475 non
650 2437 1032 2488 praesentaverint,
1056 2437 1123 2477 vel
1153 2444 1431 2490 praesentare
1460 2438 1686 2487 noluerint,
1710 2439 1751 2478 in
1783 2438 1922 2478 forma
1950 2452 2072 2491 prae-

351 2510 479 2558 dicta,
502 2516 606 2549 tunc
624 2509 722 2549 volo
741 2510 857 2562 quod
877 2510 1075 2550 Vicarius
1100 2511 1322 2551 Ecclesiae
1346 2512 1507 2552 Beatae
1530 2513 1697 2552 Mariae
1720 2512 2072 2565 Notinghamiae‚

349 2589 393 2622 et
431 2582 575 2634 Major
612 2582 807 2634 ejusdem
844 2583 981 2631 villae,
1012 2590 1054 2623 et
1092 2590 1177 2623 tres
1210 2585 1332 2636 probi
1366 2585 1564 2625 homines
1598 2586 1829 2638 parochiae
1866 2585 2073 2626 ecclesiae

352 2656 602 2708 praedictae
624 2655 695 2694 illa
718 2656 820 2704 vice,
844 2670 978 2695 unum
1002 2657 1275 2709 capellanum
1298 2659 1521 2710 ydoneum
1545 2659 1708 2711 eligant
1731 2666 1773 2699 et
1796 2666 2074 2712 praesentent

354 2729 409 2768 ad
445 2729 684 2768 cantariam
719 2729 999 2781 praedictam,
1035 2731 1089 2770 ad
1125 2731 1444 2780 celebrandum,
1481 2739 1523 2772 et
1558 2733 1818 2785 capiendum
1855 2733 2072 2773 redditum

354 2801 637 2853 praedictum,
672 2802 714 2841 in
750 2801 887 2841 forma
925 2804 1174 2854 praedicta,
1220 2805 1279 2844 ita
1313 2806 1430 2857 quod
1468 2806 1668 2845 Vicarius
1706 2807 1963 2858 praedictus,
1999 2820 2073 2846 seu

357 2888 625 2914 successores
647 2875 722 2923 sui,
747 2875 876 2914 nichil
900 2877 1068 2928 possint
1091 2877 1278 2916 clamare
1301 2878 1380 2917 nisi
1405 2879 1801 2930 praesentationem
1826 2893 1923 2919 cum
1948 2879 2074 2919 sociis

355 2948 442 2987 suis
471 2948 703 2999 praedictis
733 2948 805 2988 illa
834 2949 936 2997 vice,
960 2963 1034 2989 seu
1068 2949 1184 2998 alias,
1208 2964 1283 3002 per
1305 2950 1522 2991 defectum
1556 2952 1764 2992 heredum
1797 2952 1863 2992 vel
1896 2958 2073 2992 execut-

355 3034 478 3061 orum
510 3034 732 3069 meorum,
765 3027 808 3061 et
836 3022 870 3060 si
900 3022 1109 3074 praedicti
1140 3023 1349 3071 Vicarius
1375 3024 1529 3076 Major,
1553 3031 1595 3064 et
1625 3025 1729 3064 socii
1759 3025 1822 3064 sui
1852 3025 2073 3077 praedicti,

356 3107 433 3147 per
466 3094 572 3134 alios
606 3095 759 3146 viginti
794 3096 885 3135 dies
922 3102 1025 3135 tunc
1060 3097 1262 3149 proxime
1299 3104 1529 3150 sequentes
1564 3112 1589 3137 a
1622 3105 1819 3150 tempore
1853 3112 1939 3150 quo
1974 3111 2074 3138 con-

356 3167 501 3220 tigerit
552 3168 691 3220 ipsam
743 3169 981 3209 cantariam
1024 3184 1187 3219 vacare,
1230 3184 1364 3211 unum
1407 3171 1680 3224 capellanum
1722 3173 1944 3224 ydoneum
1987 3185 2073 3212 non

356 3241 738 3293 praesentaverint,
769 3242 879 3281 sicut
908 3243 1178 3294 praedictum
1209 3250 1284 3293 est,
1314 3250 1417 3284 tunc
1446 3245 1545 3284 volo
1574 3246 1691 3297 quod
1723 3245 1841 3285 Prior
1862 3246 1917 3286 de
1947 3245 2076 3285 Novo

424 3332 432 3345 ¹
457 3329 630 3367 australzss
651 3327 810 3364 ‘boriali,'
826 3329 921 3369 4376.
1237 3334 1249 3348 ²
1272 3332 1317 3363 ad
1328 3332 1577 3373 celebrandum,]
1595 3332 1745 3370 omitted,
1764 3333 1859 3375 4376.
