2198 3845
288 390 342 439 76
554 399 773 433 RECORDS
805 400 866 432 OF
898 400 997 432 THE
1031 399 1266 432 BOROUGH
1298 400 1359 432 OF
1393 398 1740 431 NOTTINGHAM.
1875 387 2007 441 [1314

288 521 580 573 praeteritum,
604 523 646 563 in
677 523 881 564 nundinis
917 524 1100 571 Lenton‚
1125 529 1166 563 et
1196 523 1253 563 ibi
1284 522 1516 564 arrainavit
1545 536 1691 563 versus
1720 520 1886 563 dictum
1919 521 2005 561 Ro-

286 607 437 646 gerum
470 629 476 635 .
511 629 517 635 .
552 630 558 636 .
592 630 598 636 .
634 596 787 638 falsam
818 597 1039 650 querelam
1064 597 1199 650 [quod
1231 596 1286 650 ei]
1311 597 1461 638 debuit
1484 597 1576 646 xls„
1600 610 1675 650 per
1697 609 1828 650 quam
1853 594 2006 635 falsam

287 670 507 722 querelam
531 671 688 712 catalla
705 672 808 712 dicti
829 672 1001 725 Rogeri‚
1024 672 1235 721 videlicet,
1258 672 1370 712 ollae
1393 680 1575 713 aeneae1
1600 678 1642 713 et
1671 671 1754 712 alia
1778 671 1911 725 [bona
1933 670 2007 723 ad]

286 743 522 785 valentiam
557 761 597 786 x.
624 746 839 797 librarum,
874 746 1040 800 [capta]
1075 745 1247 787 fuerunt
1279 760 1355 799 per
1388 746 1596 787 ballivum
1627 746 1931 795 nundinarum,
1965 751 2008 785 et

286 819 466 860 detenta
503 834 527 860 a
564 821 788 873 praedicta
824 821 893 861 die
932 820 1167 861 Dominica
1200 834 1337 874 usque
1369 821 1484 861 diem
1524 821 1678 861 Martis
1711 819 1913 873 proxime
1944 832 2007 859 se-

286 900 506 946 quentem,
531 908 618 948 quo
640 895 710 935 die
733 895 874 936 dictus
899 895 1098 948 Rogerus
1120 895 1238 935 venit
1261 901 1304 935 et
1326 894 1517 935 vadiavit
1547 894 1688 947 legem
1715 907 1838 934 suam
1861 906 2008 933 versus

287 968 452 1008 dictum
485 968 745 1021 Johannem,
769 976 811 1010 et
843 975 1072 1023 promptus
1106 968 1185 1010 fuit
1217 970 1272 1010 ad
1305 969 1469 1010 dictam
1502 969 1643 1022 legem
1677 967 1933 1017 faciendam,
1966 972 2009 1007 et

287 1042 428 1082 dictus
458 1042 683 1095 Johannes
721 1043 936 1084 malitiose
972 1057 1018 1084 se
1054 1043 1237 1084 retraxit
1273 1044 1328 1084 de
1367 1043 1507 1093 Curia,
1545 1050 1588 1084 et
1625 1042 1846 1096 querelam
1883 1055 2007 1082 suam

286 1116 424 1157 noluit
465 1131 751 1171 prosequere:
799 1118 858 1158 ita
900 1118 1017 1171 quod
1067 1132 1143 1171 per
1184 1118 1337 1158 falsam
1380 1117 1600 1171 querelam
1650 1116 1753 1158 dicti
1795 1115 2008 1169 Johannis

285 1190 425 1231 dictus
452 1191 650 1245 Rogerus
674 1192 818 1232 amisit
841 1199 1159 1245 appruamenta
1182 1207 1259 1233 sua
1282 1193 1586 1241 nundinarum,
1610 1192 1664 1232 ad
1687 1191 1923 1231 valentiam
1947 1189 2004 1230 lx.

285 1264 533 1315 solidorum,
564 1266 619 1306 ad
651 1266 846 1319 dampna
874 1266 977 1307 dicti
1014 1266 1174 1319 Rogeri
1208 1267 1264 1307 xl.
1299 1267 1548 1316 solidorum,
1581 1273 1624 1307 et
1661 1266 1715 1306 de
1746 1265 1828 1305 hoc
1866 1265 2007 1306 tendit

284 1346 458 1380 sectam.
543 1340 601 1381 Et
643 1341 891 1394 praedictus
941 1340 1166 1394 Johannes
1220 1342 1330 1382 Bulli
1374 1341 1502 1391 venit,
1545 1355 1620 1394 per
1660 1340 1908 1393 Johannem
1952 1339 2007 1380 de

288 1413 518 1454 Edwalton
553 1421 823 1455 attornatum
857 1428 995 1464 suum,
1019 1422 1062 1456 et
1089 1414 1285 1456 defendit
1317 1416 1416 1465 vim,
1446 1422 1536 1465 etc,
1563 1421 1606 1455 et
1638 1414 1743 1455 dicit
1765 1414 1883 1468 quod
1916 1414 2008 1467 ipse

285 1494 350 1528 est
373 1487 478 1528 liber
500 1488 633 1529 homo
656 1496 698 1530 et
721 1490 776 1530 de
805 1489 940 1530 libero
972 1497 1100 1539 statu,
1124 1497 1166 1531 et
1190 1490 1372 1543 quilibet
1404 1490 1511 1530 liber
1538 1489 1672 1529 homo
1701 1494 1846 1542 potest
1875 1487 2006 1541 placi-

284 1568 375 1603 tare
398 1563 661 1617 ubicumque
684 1563 876 1613 voluerit,
901 1571 943 1605 et
966 1565 1075 1617 petit
1094 1564 1320 1618 judicium,
1344 1563 1511 1604 desicut
1534 1563 1625 1616 ipse
1647 1569 1713 1603 est
1742 1562 1849 1602 liber
1869 1561 2004 1602 homo

284 1638 403 1678 etde
435 1637 570 1678 libero
602 1644 728 1687 statu,
753 1645 795 1679 et
817 1638 998 1692 quilibet
1031 1639 1137 1679 liber
1169 1639 1302 1679 homo
1334 1638 1542 1692 placitare
1568 1643 1713 1691 potest
1742 1637 2005 1690 ubicumque

283 1711 476 1761 voluerit,
500 1713 533 1752 si
557 1713 803 1766 praedictus
829 1713 1027 1766 Rogerus
1050 1727 1128 1767 pro
1150 1714 1341 1767 quadam
1365 1712 1540 1766 querela
1562 1725 1694 1766 quam
1725 1711 1816 1765 ipse
1845 1711 2004 1751 arrain-

284 1785 467 1840 [averat]
492 1800 638 1827 versus
661 1787 826 1828 dictum
854 1788 1075 1840 Rogerum
1101 1788 1140 1827 in
1166 1788 1371 1828 nundinis
1398 1787 1613 1828 Lenton'.2
1750 1796 1864 1837 1234,
1889 1799 1943 1825 ro.
1968 1787 2003 1825 6.

645 1961 1138 2003 XXXVII.-clmrzcr
1156 1963 1209 2013 (gs
1224 1961 1348 2014 King
1366 1961 1568 2001 Edtt‘arcl
1585 1960 1643 2000 ll.

918 2062 1111 2102 1313-14,
1138 2052 1289 2091 March
1320 2053 1376 2091 16.

370 2157 705 2211 [E]DWARDUS,
741 2158 823 2198 Dei
857 2158 1018 2207 Gratia,
1052 2158 1151 2198 Rex
1184 2158 1386 2211 Angliae,
1421 2157 1638 2198 Dominus
1679 2156 1927 2205 Hiberniae,
1961 2163 2004 2196 et

282 2232 390 2272 Dux
442 2231 753 2285 Aquitanniae‚
806 2232 1153 2285 archiepiscopis,
1205 2232 1431 2286 episcopis,
1484 2230 1726 2280 abbatibus,
1775 2230 2000 2284 prioribus,

281 2306 525 2356 comitibus,
558 2306 805 2356 baronibus,
835 2305 1088 2359 justitiariis,
1121 2306 1460 2356 vicecomitibus,
1490 2304 1759 2359 praepositis,
1783 2303 2000 2353 ministris,

280 2388 322 2421 et
345 2381 548 2422 omnibus
571 2381 740 2422 ballivis
763 2387 805 2422 et
824 2380 1022 2422 fidelibus
1045 2381 1143 2430 suis,
1167 2381 1362 2422 salutem.
1409 2380 1690 2434 Inspeximus
1713 2386 1877 2420 cartam
1901 2392 2001 2419 con-

281 2454 539 2496 firmationis
573 2469 704 2509 quam
746 2455 963 2496 Dominus
1001 2455 1229 2504 Henricus,
1264 2455 1489 2509 quondam
1526 2455 1625 2495 Rex
1659 2453 1861 2507 Angliae,
1896 2467 2001 2494 avus

280 2536 436 2579 noster,
470 2529 570 2571 fecit
607 2530 902 2583 Burgensibus
939 2530 994 2570 de
1032 2529 1305 2582 Notingham
1340 2529 1380 2569 in
1419 2529 1525 2570 haec
1557 2528 1715 2577 verba;
1749 2526 2000 2575 ‘Henricus,

281 2604 363 2644 Dei
400 2604 574 2654 Gratia‚'
609 2603 707 2657 [etc.,
744 2603 925 2657 reciting
954 2603 1020 2644 tlte
1041 2603 1150 2657 first
1184 2603 1353 2643 cltarler
1385 2603 1439 2655 of
1461 2602 1613 2655 Hem'y
1632 2601 1730 2650 Ill„
1752 2601 1832 2641 No.
1855 2600 1996 2654 A'JLJ.

281 2678 563 2731 Inspeximus
601 2677 732 2718 etiam
770 2678 993 2730 quandam
1031 2677 1160 2718 aliam
1199 2684 1363 2718 cartam
1398 2690 1529 2730 quam
1563 2676 1678 2717 idem
1711 2689 1816 2716 avus
1853 2681 2000 2716 noster

279 2751 379 2793 fecit
401 2753 565 2793 eisdem
591 2752 896 2805 Burgensffius,
920 2752 962 2791 in
992 2751 1099 2792 haec
1129 2751 1285 2792 verba:
1318 2750 1570 2800 ‘Henricus,
1595 2749 1678 2790 Dei
1703 2748 1876 2798 Gratia,'
1899 2748 1995 2802 [εἰσἿ

279 2827 460 2879 reciling
476 2827 626 2867 second
642 2826 811 2867 clmrler
835 2826 890 2878 of
910 2826 1062 2878 Hemy
1083 2825 1180 2875 Ill„
1204 2826 1282 2865 No.
1307 2825 1445 2878 XX]
1511 2823 1792 2877 Inspeximus
1825 2823 2000 2876 insuper

277 2907 442 2940 cartam
467 2914 598 2953 quam
629 2900 808 2940 celebris
841 2900 1076 2940 memoriae
1111 2899 1327 2939 Dominus
1362 2899 1614 2947 Edwardus,
1638 2898 1861 2950 quondam
1898 2898 1996 2937 Rex

277 2973 479 3026 Angliae,
523 2981 646 3026 pater
683 2980 839 3022 noster,
882 2973 982 3013 fecit
1031 2973 1195 3013 eisdem
1249 2972 1543 3025 Burgensibus
1595 2972 1636 3011 in
1683 2972 1790 3011 haec
1841 2971 1997 3011 verba:

278 3048 556 3098 ‘Edwardus‚
582 3048 664 3088 Dei
696 3048 869 3096 Gratia,'
899 3047 1100 3100 [reciling
1121 3046 1291 3086 clcarler
1319 3046 1373 3097 of
1391 3045 1594 3085 Edward
1610 3045 1654 3093 J„
1676 3044 1757 3084 Νι).
1780 3044 1883 3083 XX
1895 3044 1935 3085 V
1931 3044 1994 3097 l.].

277 3122 371 3162 Nos
404 3128 562 3170 autem,
596 3121 908 3169 concessiones,
941 3119 1294 3160 confirmationes
1326 3125 1369 3159 et
1401 3118 1719 3159 restitutionem
1752 3117 1996 3170 praedictas

277 3201 391 3235 ratas
413 3195 625 3235 habentes
648 3201 690 3235 et
713 3200 870 3247 gratas,
894 3207 966 3233 eas
996 3207 1074 3246 pro
1104 3193 1228 3233 nobis
1258 3199 1301 3233 et
1329 3192 1560 3232 heredibus
1590 3191 1758 3240 nostris,
1782 3197 1994 3243 quantum

276 3269 318 3308 in
342 3268 467 3308 nobis
490 3274 564 3317 est,
583 3267 789 3320 praefatis
809 3267 1104 3319 Burgensibus
1122 3273 1165 3307 et
1183 3280 1331 3307 eorum
1350 3266 1580 3306 heredibus
1598 3279 1647 3305 ac
1664 3264 1995 3313 successoribus,

815 3359 822 3371 ¹
847 3356 927 3386 ollae
942 3355 1084 3394 aencacg]
1105 3356 1113 3370 ‘
1124 3356 1205 3386 ollas
1222 3354 1363 3393 aeneas‚'
1381 3355 1453 3386 MS.
