2198 3845
269 441 349 490 358
533 449 752 482 RECORDs
784 450 844 482 OF
878 451 978 481 THE
1010 450 1247 483 BOROUGH
1280 451 1340 483 OF
1375 452 1723 484 NOTTINGHAM.
1857 442 1991 496 [1399

268 583 403 610 unum
422 585 562 623 mayse
583 572 728 612 allecis
747 572 882 624 rubyi,
907 572 1031 624 pretii
1055 572 1129 625 vjs
1150 573 1277 625 viijd.,
1302 574 1343 613 in
1368 574 1540 615 defectu
1564 575 1775 627 praedicti
1800 574 1992 622 Roberti,

267 645 370 697 quia
392 645 601 698 praedicti
625 645 742 698 porci
766 659 853 685 non
877 645 1082 686 custoditi
1107 645 1291 696 fuerunt,
1315 648 1431 688 unde
1454 647 1568 688 idem
1591 647 1816 700 Johannes
1838 647 1994 688 deteri-

267 725 416 760 oratus
438 726 503 760 est
525 726 568 760 et
598 720 840 772 dampnum
864 719 997 760 habet
1020 720 1074 760 ad
1097 720 1333 761 valentiam
1358 735 1433 771 xa,
1458 721 1558 761 inde
1588 722 1788 774 producit
1817 727 1993 770 sectam,

268 799 347 833 etc.
391 792 488 846 [Et]
506 794 754 846 praedictus
775 793 993 834 Robertus
1017 793 1058 833 in
1082 794 1257 847 propria
1279 808 1465 848 persona
1487 809 1565 835 sua
1586 795 1715 844 venit,
1734 802 1777 836 et
1799 795 1994 836 defendit

269 868 356 908 vim
391 874 433 908 et
463 867 675 920 injuriam,
706 873 796 917 eto,
826 873 869 908 et
897 867 1002 908 dicit
1031 868 1149 920 quod
1180 868 1272 921 ipse
1302 868 1403 909 inde
1437 869 1479 908 in
1515 868 1634 909 nullo
1668 875 1733 909 est
1766 868 1994 922 culpabilis

269 947 397 994 prout
434 941 527 994 ipse
567 941 763 994 superius
805 954 951 981 versus
990 941 1127 994 [eum]
1168 943 1368 991 narravit,
1407 949 1449 983 et
1490 942 1572 982 hoc
1614 942 1738 995 ponit
1779 956 1825 983 se
1866 956 1995 996 super

269 1016 478 1069 patriam;
510 1022 553 1056 et
575 1015 684 1056 alius
706 1015 911 1056 similiter.
978 1016 1085 1056 Ideo
1108 1022 1390 1069 praeceptum
1414 1023 1489 1065 est,
1513 1023 1590 1057 etc.
1737 1026 1853 1067 1297,
1877 1030 1933 1057 ro.
1956 1028 1992 1067 9.

316 1189 578 1231 CLXXXV
582 1189 689 1228 .—sl
697 1189 804 1229 clz'on
817 1190 899 1240 fos*
918 1189 1074 1241 λίθω]
1095 1190 1174 1229 duc
1197 1196 1235 1229 lc)
1258 1189 1324 1229 tlce
1350 1190 1458 1230 Gz'ld
1473 1190 1527 1241 os
1539 1189 1605 1229 [lle
1627 1189 1742 1241 Ηοζγ
1770 1189 1949 1241 Tm'lcz'ty.

988 1290 1103 1330 1399,
1127 1280 1147 1332 J
1157 1279 1231 1332 uly
1252 1292 1287 1329 9-

359 1385 576 1426 Henricus
600 1385 814 1439 Chetwyn
837 1386 1031 1439 queritur
1053 1386 1108 1426 de
1129 1385 1332 1439 Johanne
1361 1385 1572 1426 Torlaton
1597 1386 1651 1425 de
1674 1385 1836 1438 placito
1857 1385 1995 1426 debiti

270 1459 331 1512 ijs.
355 1459 439 1512 vjd.
475 1473 554 1512 pro
588 1459 719 1501 Gilda
756 1460 947 1502 Sanctae
984 1459 1221 1509 Trinitatis,
1256 1473 1366 1513 quos
1400 1459 1437 1500 ei
1472 1459 1651 1499 solvisse
1684 1460 1906 1500 debuisset
1941 1461 1994 1501 ad

270 1533 428 1574 festum
454 1534 643 1576 Sanctae
665 1534 903 1583 Trinitatis,
927 1548 1043 1574 anno
1066 1534 1219 1587 xxide,
1243 1540 1320 1575 etc.
1376 1534 1434 1575 Et
1456 1534 1574 1574 venit
1597 1534 1738 1574 dictus
1759 1534 1995 1586 Johannes,

270 1614 313 1648 et
334 1608 439 1648 dicit
461 1609 578 1660 quod
602 1608 694 1661 ipse
716 1608 856 1649 dictos
879 1608 1080 1648 denarios
1103 1608 1232 1649 solvit
1253 1608 1444 1661 Johanni
1472 1607 1681 1657 Lichfeld,
1705 1607 1996 1648 Aldermanio

271 1682 413 1722 dictae
450 1681 617 1731 Gildae,
652 1688 695 1722 et
731 1682 813 1722 hoc
851 1682 960 1735 petit
997 1683 1114 1735 quod
1152 1683 1402 1734 inquiratur.
1468 1682 1575 1722 Ideo
1612 1689 1893 1736 praeceptum
1932 1689 1997 1723 est

272 1756 448 1796 Ballivis
470 1757 587 1810 quod
620 1764 931 1798 summoneant
961 1757 1286 1810 inquisitionem
1318 1758 1429 1798 inter
1460 1772 1534 1798 eos
1564 1764 1716 1799 contra
1744 1758 1994 1811 proximam

273 1831 478 1873 Curiam.1
1680 1843 1796 1883 1297,
1820 1846 1875 1872 ro.
1901 1831 1994 1872 21d.

360 2004 1042 2057 CLXXXVL——Adjoumzment
1061 2006 1115 2056 of
1127 2005 1257 2044 Pl'cczs
1277 2019 1327 2044 cm
1349 2011 1520 2045 account
1538 2005 1593 2056 of
1605 2005 1671 2045 tlte
1691 2005 1847 2045 service
1867 2005 1922 2056 of

607 2079 775 2130 parties
797 2079 957 2118 merciae
981 2079 1087 2119 wida
1110 2079 1176 2119 sllc
1198 2079 1323 2119 Duke
1344 2080 1398 2131 af
1409 2079 1649 2119 Lancaslcr.

951 2180 1067 2220 1399,
1092 2169 1269 2222 August
1292 2170 1326 2209 6.

359 2276 555 2316 Thomas
579 2275 745 2324 Amall,
769 2290 964 2328 querens,
988 2276 1147 2328 optulit
1176 2290 1221 2316 :se
1250 2289 1397 2315 versus
1431 2275 1665 2316 Ricardum
1695 2274 1920 2328 Cropphill
1943 2276 1998 2315 de

271 2349 434 2402 placito
470 2349 617 2398 debiti,
652 2363 764 2402 quae
805 2350 961 2390 ultimo
1002 2349 1341 2390 continuabatur
1381 2363 1517 2402 usque
1558 2349 1600 2389 in
1643 2349 1758 2390 hunc
1791 2350 1919 2398 diem,
1954 2356 1997 2390 et

274 2423 406 2463 modo
438 2437 514 2476 per
542 2437 793 2476 processum
823 2423 1103 2464 continuatur
1132 2424 1286 2464 eadem
1309 2423 1485 2477 querela
1511 2437 1646 2477 usque
1669 2424 1724 2464 ad
1747 2424 1996 2477 proximam

277 2498 464 2547 Curiam,
488 2498 590 2550 quia
611 2498 753 2538 dictus
784 2498 998 2538 Ricardus
1027 2504 1265 2551 occupatus
1289 2504 1354 2538 est
1376 2497 1417 2537 in
1448 2497 1623 2538 servitio
1649 2498 1838 2547 Henrici,
1863 2498 1997 2538 Ducis

277 2572 607 2625 Lancastr[iae]‚
631 2586 709 2625 pro
732 2573 968 2612 commocio
992 2572 1172 2612 Domini
1198 2572 1331 2625 Regis
1357 2579 1400 2612 et
1423 2571 1542 2625 regni
1565 2571 1766 2625 Angliae.

358 2646 513 2698 Jurata
564 2646 675 2686 inter
728 2646 970 2686 Robertum
1025 2646 1309 2695 Chasterfeld,
1352 2652 1618 2699 querentem,
1660 2652 1703 2686 et
1748 2645 1996 2699 Johannem

274 2720 422 2769 W'ard,
457 2720 626 2769 barbur,
656 2719 977 2769 defendentem,
1010 2720 1065 2760 de
1098 2720 1260 2773 placito
1294 2720 1568 2769 detentionis,
1598 2726 1646 2760 ut
1679 2726 1801 2772 patet
1834 2720 1876 2760 in
1911 2728 1999 2759 xx0

278 2793 451 2843 Rotulo,
487 2794 650 2847 pendet
683 2808 762 2847 pro
795 2793 967 2834 defectu
999 2794 1263 2847 ju1·atorum;
1302 2801 1344 2835 et
1378 2794 1510 2835 modo
1541 2793 1686 2847 jurata
1719 2793 1791 2834 illa
1824 2793 2000 2846 ponitur

276 2867 317 2907 in
351 2874 548 2920 respectu
584 2881 730 2920 usque,
765 2874 806 2908 et
844 2868 1124 2908 continuatur
1157 2882 1293 2921 usque
1326 2869 1380 2908 ad
1414 2869 1651 2908 adventum
1684 2868 1893 2920 praedicti
1925 2868 1998 2920 Jo-

276 2941 432 2982 hannis
466 2942 614 2991 WVard,
647 2955 725 2994 pro
763 2955 814 2981 eo
847 2942 963 2994 quod
1003 2941 1117 2981 idem
1155 2941 1380 2994 Johannes
1412 2948 1477 2982 est
1515 2942 1555 2981 in
1594 2942 1768 2981 servitio
1808 2941 1998 2990 Henrici,

278 3015 414 3055 Ducis
454 3015 784 3068 Lancastr[iae],
822 3029 901 3068 pro
943 3015 1131 3057 utilitate
1171 3016 1350 3056 Domini
1390 3015 1523 3069 Regis
1561 3022 1603 3055 et
1640 3016 1759 3068 regni
1797 3015 1997 3068 Angliae.

279 3089 383 3131 Sine
405 3089 756 3130 amerciamento.
1712 3099 1828 3140 1297,
1851 3102 1907 3129 ro.
1933 3099 1997 3140 23.

1005 3163 1184 3216 August
1207 3175 1269 3205 20.

363 3237 517 3289 Jurata
558 3237 669 3277 inter
709 3236 957 3289 Johannem
997 3238 1210 3290 Odynges
1247 3244 1290 3278 et
1334 3238 1636 3279 Elizabetham
1670 3250 1853 3278 uxorem
1896 3235 1999 3289 ejus,

279 3317 519 3362 querentes,
562 3316 604 3351 et
648 3311 870 3363 Rogerum
908 3312 963 3351 de
1004 3311 1242 3361 WVastham,
1279 3310 1600 3360 defendentem,
1638 3311 1678 3351 in
1722 3310 1884 3364 placito
1925 3309 1997 3350 de-

699 3404 707 3416 ¹
733 3401 763 3431 A
780 3401 902 3432 vcrdict
920 3401 969 3432 for
986 3402 1040 3433 [hc
1058 3401 1202 3443 plaimiff
1215 3401 1240 3432 is
1258 3401 1432 3438 record‹:d;
1457 3412 1502 3433 ro.
1524 3410 1573 3441 23.
