2198 3845
330 422 409 471 308
593 428 812 460 RECORDs
844 429 905 460 oF
937 429 1036 460 THE
1070 427 1305 460 noRouoH
1338 426 1399 457 OF
1433 425 1781 458 NOTTINGHAM.
1918 417 2050 473 [1396

413 550 637 603 Johannes
661 551 772 592 Gled
796 558 839 591 et
859 550 1083 603 Johannes
1113 550 1298 597 Horton,
1323 548 1552 588 Decenarii
1575 549 1630 589 de
1659 549 1902 602 Gossegate
1931 555 1974 590 6(
1995 550 2050 590 (16

331 625 578 673 Stonistret‚
601 631 883 677 praesentant
915 624 1032 676 quod
1066 623 1210 663 Alicia
1243 622 1441 671 Sclattcr,
1465 635 1578 661 uxor
1604 622 1818 674 Johannis
1852 622 2051 672 Sclatter‚

330 705 373 739 et
400 699 614 751 Johanna,
645 712 757 738 uxor
784 698 998 750 Johannis
1031 697 1307 748 Layburnne,
1331 702 1431 735 sunt
1460 708 1716 735 communes
1738 695 2052 748 objurgatrices

330 773 372 812 in
405 786 492 812 uno
525 772 619 812 vico
651 772 705 811 de
748 770 1021 823 Notingham
1055 770 1128 822 qui
1161 775 1340 809 vocatur
1377 769 1665 821 ‘Gossegate,'
1698 769 1771 809 ubi
1803 770 2053 822 praedictae

331 845 705 898 commorant[ur]‚
738 851 890 885 contra
921 857 1074 897 pacem
1110 843 1289 883 Domini
1330 842 1474 895 Regis,
1507 849 1597 892 etc.,
1630 843 1746 882 unde
1787 842 2053 883 attachiatae

330 926 441 967 sunt,
465 925 541 959 etc.
607 919 664 959 Et
687 919 787 958 inde
809 918 988 958 eaedem
1012 917 1262 970 praedictae
1283 916 1474 965 veniunt,
1498 923 1541 956 et
1567 922 1737 968 ponunt
1767 929 1812 956 se
1841 916 1882 955 in
1913 916 2054 969 gratia

332 993 523 1045 Majoris,
547 999 589 1032 et
611 992 793 1045 quilibet
815 1005 963 1032 earum
988 991 1115 1031 solvit
1138 1004 1216 1044 pro
1239 990 1379 1043 gratia
1400 990 1484 1042 x-jd.

416 1066 640 1119 Johannes
670 1065 793 1115 Gled,
819 1066 1086 1105 Decenarius
1115 1066 1169 1105 de
1200 1065 1473 1113 Stonistrcte,
1504 1069 1754 1116 praesentat
1782 1076 1917 1103 unum
1947 1063 2054 1103 hou-

330 1140 488 1180 tesium
523 1139 714 1179 levatum
748 1152 824 1192 per
852 1138 1076 1191 Agnetem
1114 1139 1256 1179 Lister
1287 1152 1435 1178 versus
1467 1150 1602 1177 unum
1635 1150 1806 1177 servum
1839 1137 2055 1190 Johannis

335 1212 579 1265 Byngham,
603 1220 754 1252 contra
782 1226 935 1265 pacem
961 1212 1141 1253 Domini
1174 1213 1318 1265 Regis,
1341 1218 1431 1261 etc.,
1454 1212 1571 1252 unde
1593 1211 1834 1251 attachiata
1855 1218 1931 1260 est,
1954 1218 2055 1261 etc.;

330 1294 373 1327 et
396 1288 551 1327 iterum
574 1293 824 1339 praesentat
847 1287 964 1340 quod
988 1287 1212 1340 praedicta
1234 1286 1388 1339 Agnes
1411 1292 1476 1326 est
1505 1285 1750 1325 communis
1779 1284 2055 1338 objurgatrix

333 1361 445 1401 inter
475 1361 640 1401 vicinos
672 1374 783 1410 suos,
817 1367 969 1401 contra
1000 1375 1165 1414 pacem,
1199 1367 1288 1409 etc„
1321 1360 1437 1400 unde
1475 1359 1715 1399 attachiata
1747 1365 1822 1408 est,
1855 1365 1932 1399 etc.
1997 1359 2056 1400 Et

333 1435 434 1475 inde
456 1435 609 1475 eadem
634 1434 787 1487 Agnes
810 1435 938 1483 venit,
962 1442 1004 1475 et
1027 1435 1150 1487 ponit
1173 1448 1218 1474 56
1241 1435 1282 1473 in
1306 1434 1446 1486 gratia
1470 1433 1662 1486 Majoris,
1686 1440 1729 1473 et
1751 1433 1879 1473 solvit
1900 1432 1984 1485 vjd.

422 1508 713 1560 Randulphus
755 1508 809 1548 (16
850 1509 975 1549 XVest
1017 1516 1059 1549 et
1100 1508 1325 1561 johannes
1369 1507 1500 1556 Balle,
1545 1507 1774 1547 Decenarii
1816 1507 1870 1547 de
1913 1507 2055 1561 Qwel-

332 1583 632 1635 lewrigthgate
684 1590 726 1623 et
768 1584 822 1623 de
865 1583 1005 1635 Seynt
1050 1583 1317 1635 Peterlayne,
1360 1588 1641 1635 praesentant
1683 1595 1815 1622 unam
1858 1580 2055 1622 affraiam

332 1655 492 1696 factam
516 1656 608 1695 sine
630 1657 842 1708 sanguine
864 1670 992 1709 super
1010 1656 1200 1696 Aliciam
1225 1657 1404 1697 Tailour
1420 1670 1567 1696 versus
1589 1656 1852 1709 Johannam,
1871 1669 2055 1696 uxorem

334 1729 536 1769 Nicholai
573 1729 628 1769 de
677 1729 902 1782 Kyrkeby,
940 1744 1018 1783 pro
1064 1744 1116 1770 eo
1153 1731 1269 1783 quod
1318 1731 1541 1783 praedicta
1578 1730 1723 1770 Alicia
1768 1731 1883 1783 cepit
1920 1744 2055 1770 unum

332 1802 535 1843 baculum
569 1816 656 1855 quo
690 1803 913 1855 praedicta
946 1803 1091 1844 Alicia
1122 1804 1335 1845 clauserat
1368 1804 1602 1845 fenestram
1635 1804 1850 1854 viaticam,
1882 1811 1925 1846 et
1957 1818 2055 1845 cum

332 1890 384 1916 eo
415 1876 658 1917 verberavit
687 1884 730 1917 et
759 1877 872 1917 male
904 1878 1106 1918 tractavit
1139 1879 1407 1931 praedictam
1436 1879 1699 1932 Johannam,
1723 1885 1874 1920 contra
1902 1893 2055 1932 pacem

333 1951 513 1991 Domini
549 1951 693 2003 Regis,
717 1958 806 2000 etc.,
839 1952 956 1992 unde
988 1952 1228 1993 attachiata
1260 1960 1334 2002 est,
1365 1960 1442 1994 etc.
1508 1954 1566 1994 Et
1598 1954 1699 1994 inde
1727 1954 1881 1994 eadem
1912 1953 2057 1994 Alicia

331 2024 461 2073 venit,
484 2031 527 2064 et
549 2025 673 2077 ponit
695 2038 740 2065 56
763 2025 804 2064 in
828 2026 969 2078 gratia
992 2026 1184 2079 Majoris,
1207 2033 1250 2067 et
1272 2027 1400 2067 solvit
1422 2027 1506 2080 vjd.

419 2097 638 2138 walterus
675 2098 884 2148 Fletcher,
916 2100 1182 2141 Decenarius
1214 2101 1268 2141 de
1303 2101 1630 2153 Mothallegata
1661 2108 1910 2154 praesentat
1939 2101 2056 2154 quod

333 2171 478 2211 Alicia
506 2172 560 2211 de
591 2172 870 2213 chtenham
905 2181 970 2214 est
1003 2176 1248 2215 communis
1282 2175 1556 2228 objurgatrix
1586 2176 1697 2216 inter
1726 2175 1926 2228 [vicinos]
1957 2188 2058 2215 suos

333 2246 582 2299 praedictae
603 2246 708 2295 viae,
731 2254 882 2287 contra
904 2262 1057 2300 pacem
1090 2249 1269 2289 Domini
1295 2250 1439 2302 Regis,
1462 2256 1552 2298 etc,
1575 2249 1691 2289 unde
1720 2248 1960 2289 attachiata
1981 2255 2057 2298 est,

332 2326 409 2360 etc.
475 2319 532 2360 Et
567 2320 668 2359 inde
701 2321 854 2360 eadem
889 2321 1033 2361 Alicia
1066 2323 1195 2372 venit,
1225 2329 1267 2364 et
1301 2324 1425 2376 ponit
1459 2337 1504 2363 56
1538 2323 1578 2362 in
1615 2323 1755 2376 gratia
1789 2322 1982 2375 Majoris,
2015 2328 2059 2363 et

334 2392 798 2435 solvit—condonatur
820 2395 922 2447 quia
944 2409 1118 2448 pauper.
1765 2407 1885 2447 3942,
1908 2410 1964 2436 ro.
1991 2396 2056 2437 2d.

355 2712 640 2753 CLV11.—A
648 2713 754 2753 elion
775 2713 950 2766 against
973 2714 1212 2756 constables
1221 2716 1304 2767 sor
1321 2730 1377 2756 cm
1399 2716 1566 2768 alleged
1581 2715 1707 2756 Falsa
1727 2716 2032 2756 Presentment.

1120 2807 1282 2856 1395-6.

419 2907 613 2948 Thomas
649 2910 756 2958 Fox,
786 2911 984 2963 drapour,
1015 2912 1208 2964 queritur
1236 2913 1291 2952 de
1321 2913 1523 2966 Johanne
1546 2913 1745 2966 Wyrhall
1778 2920 1821 2954 6(
1851 2913 2058 2967 Johanne

334 2981 557 3032 Lorymer,
602 2982 946 3023 Constabulariis
990 2985 1084 3025 viae
1125 2987 1180 3026 de
1223 2987 1614 3040 Bridilsmythgate
1660 2988 1714 3027 de
1767 2988 2056 3040 Notingham,

332 3054 387 3094 de
428 3054 589 3106 placito
631 3056 817 3108 injustae
858 3060 1241 3110 praesentationis:
1282 3061 1413 3113 plegii
1456 3061 1510 3101 de
1551 3062 2058 3115 prosequendo—Hugo

336 3127 515 3179 Fynche
537 3135 579 3168 et
604 3130 822 3170 Robertus
847 3132 973 3173 Coll’:
1005 3133 1121 3172 unde
1143 3134 1246 3174 dicti
1272 3134 1496 3186 Johannes
1519 3142 1562 3175 et
1583 3135 1808 3188 Johannes
1831 3135 2072 3176 attachiati‘

332 3207 433 3241 sunt
465 3215 541 3253 per
572 3202 738 3255 plegios
771 3205 826 3244 ad
858 3206 1211 3257 respondendum
1245 3208 1470 3260 praedicto
1501 3209 1712 3258 Thomae,
1735 3215 1835 3259 etc.;
1867 3215 1910 3250 6(
1942 3209 2059 3249 unde

333 3275 526 3326 queritur
554 3277 671 3328 quod
701 3277 831 3317 iidem
863 3278 1088 3330 Johannes
1117 3287 1159 3321 et
1190 3281 1426 3333 Johannes,
1459 3282 1782 3323 Constabularii
1812 3283 1908 3322 viae
1935 3295 2057 3335 prae-

335 3347 488 3397 dictae,
511 3362 567 3388 ex
600 3350 701 3390 odio
733 3357 776 3391 et
807 3365 956 3392 eorum
989 3353 1145 3407 injuria
1176 3355 1360 3407 propria,
1384 3355 1454 3395 die
1486 3355 1688 3396 Mercurii
1721 3356 1926 3411 proximo
1958 3361 2057 3411 post
