2198 3845
286 400 368 439 266
550 410 770 445 RECORDS
802 413 863 445 OF
895 414 996 444 THE
1029 413 1266 446 BOROUGH
1299 414 1360 446 oi·
1394 414 1742 446 NOTTINGHAM.
1878 404 2004 458 [1395

370 532 811 575 CXLIX—Castora
834 535 888 586 of
900 534 966 574 [lle
994 535 1123 575 Tame
1145 549 1195 575 as
1217 542 1255 575 to
1277 536 1501 576 Delmatiam
1525 536 1573 588 by
1596 536 1661 576 tlte
1681 535 1859 589 Baz'lq'ffs
1879 536 1933 587 of

870 608 1062 647 §streties
1082 609 1225 648 sez'sed
1242 609 1290 660 by
1311 609 1431 648 lllem.

955 691 1070 731 1395,
1096 682 1290 723 October
1311 684 1346 722 6.

373 752 507 804 Hugo
541 754 718 805 Spycer,
741 754 796 793 de
827 754 1128 806 Notyngham,
1151 756 1344 808 queritur
1373 757 1428 796 de
1458 756 1681 796 W'illelmo
1714 755 1942 795 Huntston
1965 761 2008 795 et

283 824 457 865 Thoma
490 826 716 875 Sherman,
740 827 794 867 de
828 827 1129 880 Notynghain,
1159 829 1214 868 de
1246 829 1408 881 placito
1437 829 1701 869 detentionis
1731 828 2008 868 catallorum:

282 898 413 951 plegii
443 899 496 938 de
526 901 1032 953 prosequendo—Hugo
1064 901 1166 941 Bele
1195 909 1238 942 et
1266 903 1492 955 Johannes
1524 903 1641 942 Fox:
1673 908 1717 942 et
1739 901 1932 953 queritur
1954 901 2008 940 de

283 985 334 1012 eo
357 973 474 1024 quod
505 973 635 1012 iidem
667 973 913 1013 XVillelmus
943 981 986 1014 et
1015 974 1222 1024 Thomas,
1246 977 1316 1016 die
1343 977 1465 1028 Jovis
1495 975 1699 1029 proxima
1728 981 1827 1027 post
1850 973 2009 1014 festum

284 1046 538 1086 Nativitatis
582 1047 743 1086 Beatae
781 1047 948 1087 Mariae
991 1048 1194 1100 Virginis,
1234 1063 1350 1089 anno
1387 1049 1507 1102 regni
1548 1048 1681 1101 Regis
1722 1047 1897 1087 Ricardi
1935 1048 2008 1100 qui

284 1132 397 1159 nunc
420 1126 484 1160 est
508 1120 665 1172 xviij0,1
689 1134 776 1173 quo
799 1127 996 1173 tempore
1020 1121 1192 1162 fuerunt
1224 1123 1376 1162 Ballivi
1408 1122 1778 1175 Notynghamiae,
1802 1127 2010 1174 ceperunt

282 1199 469 1245 quatuor
490 1193 633 1233 hostia
656 1194 789 1246 ipsius
816 1195 1020 1247 Hugonis
1039 1196 1092 1235 de
1111 1202 1364 1236 tenemento
1382 1209 1460 1236 suo
1483 1202 1585 1236 tunc
1609 1195 1817 1247 temporis
1837 1194 2010 1246 jacente

283 1267 325 1306 in
368 1267 407 1307 16
450 1268 702 1320 Castelgate
743 1269 785 1308 in
829 1269 1130 1322 Notyngham,
1169 1270 1294 1322 pretii
1332 1270 1444 1322 xiijs.
1484 1276 1526 1310 et
1563 1269 1677 1322 iiijd.,
1719 1282 1798 1321 pro
1839 1268 2010 1308 duobus

283 1342 432 1382 solidis
465 1342 520 1382 de
549 1342 721 1382 redditu
756 1342 936 1382 Domini
968 1343 1102 1395 Regis
1126 1344 1180 1383 de
1212 1344 1331 1384 dicto
1361 1350 1614 1384 tenemento
1643 1341 1906 1382 exeuntibus
1935 1355 2011 1394 per

284 1428 459 1464 annum,
489 1429 601 1468 quae
631 1415 808 1468 quidem
843 1416 1006 1465 hostea,
1031 1417 1129 1457 licet
1152 1417 1294 1457 dictus
1321 1417 1456 1469 Hugo
1486 1430 1511 1456 a
1538 1417 1655 1456 dicta
1687 1416 1757 1455 die
1789 1429 1925 1468 usque
1954 1415 2009 1455 ad

284 1503 488 1542 praesens
532 1490 705 1542 saepius
751 1491 1054 1542 requisivisset,
1093 1497 1134 1531 et
1177 1491 1342 1530 dictum
1387 1490 1565 1530 Domini
1610 1489 1743 1541 Regis
1791 1489 2009 1529 redditum

284 1562 450 1602 solvere
471 1562 689 1613 voluisset,
713 1564 817 1604 dicti
847 1564 1094 1604 XVillelmus
1124 1570 1166 1604 et
1193 1564 1389 1604 Thomas
1412 1563 1770 1604 deliberationem
1794 1562 2008 1602 dictorum

283 1636 524 1677 hostiorum
559 1637 931 1686 contradixerunt,
967 1645 1009 1677 et
1043 1637 1185 1678 adhuc
1220 1637 1536 1685 contradicunt,
1567 1637 1622 1676 ad
1657 1637 1852 1688 dampna
1886 1649 2009 1688 prae-

283 1710 387 1750 dicti
414 1710 617 1762 Hugonis
641 1710 732 1759 xls,
756 1711 857 1751 inde
880 1711 1081 1764 producit
1103 1718 1280 1760 sectam,
1303 1717 1380 1750 etc.
1446 1711 1504 1750 Et
1527 1710 1736 1763 praedicti
1760 1709 2008 1750 &Villelmus

284 1790 327 1824 et
356 1783 551 1823 Thomas
578 1783 620 1823 in
648 1784 832 1837 propriis
861 1784 1056 1837 personis
1085 1785 1172 1824 suis
1200 1785 1392 1833 veniunt,
1416 1790 1459 1824 et
1488 1784 1731 1824 defendunt
1759 1783 1846 1823 vim
1875 1789 1918 1823 et
1948 1783 2011 1822 in-

281 1856 439 1909 juriam
463 1864 505 1898 et
527 1858 731 1911 dampna,
755 1864 845 1908 etc„
869 1865 911 1899 et
934 1858 1085 1899 dicunt
1107 1859 1224 1911 quod
1255 1872 1357 1898 usus
1387 1864 1430 1898 et
1460 1858 1733 1898 consuetudo
1762 1857 2012 1910 praedictae

284 1930 412 1970 villae
445 1931 499 1971 de
534 1931 836 1984 Notyngham,
871 1938 912 1972 et
947 1932 1001 1972 de
1038 1932 1220 1985 antiquo
1254 1938 1451 1985 tempore
1485 1931 1653 1972 solebat
1690 1945 1793 1979 esse,
1834 1930 2011 1971 Ballivis

284 2004 411 2044 villae
441 2005 801 2057 Notynghamiae
823 2005 895 2058 qui
919 2019 997 2057 pro
1020 2012 1217 2058 tempore
1240 2005 1398 2046 suerint
1420 2005 1548 2046 vadia
1577 2011 1706 2057 capta
1736 2018 1814 2057 pro
1837 2004 2010 2044 redditu

285 2083 328 2118 et
364 2077 712 2118 amerciamentis
752 2078 932 2118 Domini
973 2079 1106 2131 Regis
1144 2086 1290 2119 tenere
1328 2093 1404 2132 per
1441 2092 1576 2119 unum
1611 2079 1727 2118 diem
1766 2085 1809 2118 et
1846 2091 2009 2118 annum

284 2151 511 2204 proximos
544 2158 643 2204 post
675 2152 845 2192 exitum
878 2165 1027 2192 eorum
1060 2151 1201 2201 officii,
1225 2159 1267 2193 et
1296 2159 1396 2205 post
1425 2153 1591 2192 dictum
1624 2152 1740 2191 diem
1774 2158 1816 2191 et
1846 2164 2010 2191 annum

286 2224 404 2265 dicta
425 2225 618 2265 vadiaria
640 2226 927 2278 pronunciare
945 2226 987 2265 in
1010 2226 1140 2279 plena
1163 2226 1293 2268 Curia
1315 2226 1387 2279 qui
1410 2225 1609 2278 velle[n]t
1631 2238 1780 2265 eorum
1803 2225 1931 2265 vadia
1952 2225 2012 2265 sic

285 2305 415 2351 capta
447 2299 607 2351 exequi
641 2305 683 2339 et
718 2299 981 2340 solutionem
1011 2299 1152 2340 facere
1184 2314 1261 2352 pro
1296 2300 1366 2348 eis,
1391 2313 1502 2352 quae
1525 2299 1702 2352 quidem
1737 2299 1879 2339 hostia
1907 2298 2011 2338 dicti

285 2372 531 2412 &Villelmus
554 2379 596 2413 et
619 2372 826 2421 Thomas,
849 2380 949 2426 post
979 2373 1210 2414 transitum
1241 2387 1390 2413 corum
1420 2372 1549 2413 officii
1576 2372 1852 2420 Ballivorum,
1875 2385 2010 2411 unum

286 2446 401 2486 diem
435 2452 477 2486 et
509 2459 672 2486 annum
707 2452 950 2495 tenuerunt,
981 2453 1023 2487 et
1058 2446 1099 2486 in
1130 2447 1259 2499 plena
1289 2447 1419 2488 Curia
1452 2445 1710 2499 proclamari
1741 2445 1944 2494 fecerunt,
1968 2445 2010 2485 in

286 2533 373 2572 quo
424 2521 601 2573 quidem
653 2526 850 2572 tempore
901 2520 1042 2560 dictus
1097 2521 1232 2573 Hugo
1283 2520 1641 2561 deliberationem
1689 2519 2010 2572 praedictorum

286 2593 527 2634 hostiorum
551 2594 605 2634 de
628 2594 687 2633 eis
710 2607 796 2633 non
820 2594 955 2646 petiit,
974 2607 1052 2633 nec
1075 2594 1337 2634 solutionem
1361 2594 1554 2634 redditus
1572 2593 1762 2646 protulit,
1786 2593 1902 2632 unde
1924 2606 2010 2632 non

286 2666 473 2707 intendit
507 2668 624 2720 quod
660 2668 739 2720 ipsi
775 2668 1037 2720 respondere
1071 2667 1234 2708 debent
1268 2668 1323 2708 ad
1355 2668 1467 2707 hanc
1501 2667 1812 2715 detentionem,
1847 2680 1925 2718 pro
1959 2680 2012 2706 eo

286 2741 403 2793 quod
433 2741 513 2794 ipsi
542 2741 765 2794 praedicta
794 2741 938 2781 hostia
966 2754 1042 2793 per
1069 2741 1185 2781 diem
1216 2748 1258 2781 et
1288 2754 1451 2781 annum
1481 2740 1790 2788 custodierunt,
1820 2746 1863 2780 et
1892 2746 2010 2792 post-

288 2815 467 2854 modum
503 2815 544 2854 in
580 2814 709 2867 plena
744 2814 874 2856 Curia
907 2828 958 2854 ea
992 2814 1382 2867 proclamaverunt,
1406 2815 1647 2855 secundum
1680 2814 1798 2866 quod
1833 2827 1934 2854 usus
1968 2820 2012 2854 et

287 2888 558 2929 consuetudo
580 2888 707 2927 villae
728 2888 977 2940 praedictae
1000 2887 1264 2940 expostulat.
1320 2888 1378 2928 Et
1400 2888 1502 2927 inde
1523 2888 1665 2928 dictus
1691 2887 1826 2939 Hugo
1848 2887 2011 2927 dedicit

288 2961 406 3014 quod
428 2974 515 3001 non
539 2967 604 3001 est
625 2961 723 3001 talis
746 2975 848 3001 usus
870 2975 949 3001 nec
979 2962 1251 3001 consuetudo
1280 2961 1323 3000 in
1346 2961 1448 3001 villa
1479 2961 1780 3013 Notyngham'
1804 2974 2012 3000 concessa

288 3048 368 3074 nec
391 3035 642 3087 approbata,
665 3041 708 3075 et
737 3034 819 3074 hoc
848 3035 972 3087 ponit
1000 3048 1046 3074 se
1074 3048 1203 3087 super
1231 3035 1439 3087 patriam;
1471 3040 1515 3075 et
1538 3034 1607 3074 alii
1631 3034 1837 3074 similiter.
1903 3034 2011 3073 Ideo

288 3114 569 3160 praeceptum
607 3115 672 3148 est
715 3108 890 3148 Ballivis
933 3108 1050 3162 quod
1092 3108 1238 3148 venire
1279 3107 1441 3148 faciant
1483 3108 1594 3148 inter
1635 3121 1709 3148 eos
1746 3107 1820 3160 xij.
1859 3113 2012 3147 contra

290 3182 553 3235 proximam,
576 3188 677 3222 etc.2
1722 3189 1840 3231 1295,
1862 3193 1918 3220 ro.
1948 3180 2009 3220 1d.

356 3290 364 3303 ¹
390 3284 573 3327 Thursday,
594 3286 789 3327 September
809 3294 857 3324 10,
882 3293 972 3325 1394.
1280 3289 1292 3302 ²
1315 3286 1387 3317 The
1405 3285 1550 3327 plaintiff
1569 3285 1647 3317 does
1669 3292 1726 3317 not
1748 3296 1870 3327 appear
1887 3291 1920 3316 to
1937 3295 2009 3326 pro-

1216 3345 1345 3377 secute3
1370 3350 1416 3371 ro.
1438 3347 1466 3379 3.
