2198 3845
299 410 378 458 318
562 417 781 449 RECORDS
813 417 873 448 OF
906 417 1006 448 THE
1039 415 1273 447 ssoROUGH
1307 415 1367 446 OF
1401 415 1750 447 NOTTINGHAM.
1885 405 2015 458 [1396

381 539 504 588 Item,
542 539 693 579 dicunt
734 539 851 591 quod
893 551 1046 578 omnes
1087 536 1309 576 carnifices
1345 537 1541 577 vendunt
1582 550 1732 576 carnes
1774 535 1901 576 nimis
1942 535 2016 576 diu

293 618 437 652 tentas
475 618 517 652 et
554 618 789 664 corruptas,
827 617 870 652 et
906 611 1019 651 ultra
1055 610 1282 650 denarium
1320 610 1362 650 in
1399 611 1642 663 optinendo
1678 609 1773 663 (sic)
1806 611 1861 650 ad
1898 609 2016 662 xijd„

300 692 377 727 etc.

382 760 506 809 Item,
530 760 680 800 dicunt
702 758 819 811 quod
843 771 995 798 omnes
1018 758 1255 810 piscatores
1279 756 1576 810 Notingham’,
1595 763 1685 798 tam
1710 756 1862 796 marini
1886 769 2017 809 quam

295 846 434 886 aquae
470 833 618 881 dulcis,
652 832 847 872 vendunt
881 831 1021 884 pisces
1057 837 1251 871 mortuos
1285 837 1328 871 et
1362 831 1490 871 nimis
1524 831 1597 871 diu
1635 837 1790 879 tentos,
1825 837 1867 871 et
1901 830 2018 883 quod

295 907 476 960 quilibet
517 919 665 946 eorum
708 912 773 946 est
814 905 1059 945 communis
1102 904 1367 945 forstallator
1412 904 1564 944 talium
1608 903 1803 957 piscium,
1845 910 1934 953 etc.,
1977 910 2019 944 et

295 994 368 1020 eos
391 981 586 1021 vendunt
608 980 841 1028 excessive,
865 985 1018 1019 contra
1039 984 1266 1027 statutum,
1290 984 1367 1019 etc.

384 1055 508 1103 Item,
526 1054 676 1094 dicunt
694 1054 811 1106 quod
835 1053 1097 1093 auxiatrices
1122 1052 1408 1105 Notingham’
1427 1052 1622 1092 vendunt
1645 1051 1805 1100 allium,
1824 1050 2018 1099 farinam,

296 1127 443 1176 salem,
482 1141 607 1180 sepas
650 1127 854 1167 candelas
895 1127 988 1167 sine
1024 1126 1170 1166 cotoni
1209 1126 1477 1179 interposito,
1515 1126 1753 1174 butturum,
1791 1125 1941 1174 casios,
1978 1132 2021 1166 et

297 1201 547 1254 hujusmodi
582 1202 709 1241 nimis
744 1214 876 1249 caroffi,
911 1206 1062 1241 contra
1094 1206 1321 1249 statutum,
1355 1201 1409 1240 ad
1444 1200 1748 1253 deceptionem
1784 1198 1945 1252 populi,
1978 1205 2021 1239 et

297 1282 397 1316 sunt
430 1289 685 1315 communes
721 1274 1032 1315 forstallatores
1069 1274 1222 1314 talium
1259 1274 1511 1314 victualium
1547 1273 1869 1326 praedictorum
1904 1272 2020 1312 veni-

297 1349 463 1389 entium
488 1349 542 1389 ad
565 1348 712 1389 villam
738 1348 1024 1401 Notingham’
1053 1348 1395 1397 vendendorum,
1419 1354 1585 1388 stantes
1608 1347 1662 1387 ad
1686 1347 1832 1387 exitus
1854 1347 2021 1387 viarum

298 1423 370 1463 ubi
393 1423 497 1464 talia
519 1422 723 1463 victualia
745 1422 925 1462 veniunt
948 1422 1002 1462 ad
1026 1422 1317 1470 vendendum,
1340 1428 1418 1462 etc.

386 1498 510 1547 Item,
533 1497 684 1538 dicunt
713 1496 830 1549 quod
860 1509 1012 1536 omnes
1042 1496 1228 1536 tannarii
1260 1495 1545 1548 Notingham‘
1568 1494 1765 1535 vendunt
1793 1493 1909 1534 coria
1935 1506 2022 1533 non

298 1572 409 1612 bene
445 1577 638 1620 tannata,
675 1576 718 1611 et
751 1570 869 1623 quod
907 1569 1089 1623 quilibet
1123 1582 1272 1609 eorum
1309 1569 1459 1609 vendit
1496 1568 1660 1608 corium
1698 1568 1739 1607 in
1779 1568 1912 1608 domo
1946 1580 2024 1608 sua

299 1646 473 1698 propria
496 1645 588 1685 sine
610 1645 703 1685 visu
726 1644 804 1684 fori
828 1644 893 1685 vel
917 1644 1061 1697 posito
1084 1644 1125 1683 in
1150 1643 1243 1683 foro
1266 1644 1558 1692 vendendum,
1582 1649 1658 1683 etc.

388 1719 512 1768 Item,
545 1719 695 1758 dicunt
729 1718 846 1770 quod
881 1731 1034 1758 omnes
1068 1724 1235 1758 sutores
1271 1717 1556 1770 Notingham'
1589 1717 1785 1757 vendunt
1818 1716 2025 1758 sotularia

301 1793 429 1832 nimis
471 1806 580 1841 cara,
618 1799 661 1833 et
697 1792 815 1845 quod
857 1791 1039 1845 quilibet
1081 1805 1231 1831 eorum
1273 1792 1397 1844 ponit
1439 1791 1602 1831 corium
1640 1790 1872 1832 vitulinum
1914 1791 2025 1831 inter

301 1867 464 1906 corium
488 1866 662 1914 bovum,
685 1872 727 1906 et
749 1866 899 1906 vendit
922 1865 1071 1917 bassyn
1094 1879 1172 1918 pro
1193 1866 1471 1917 cora'czcrfzwte,
1494 1872 1572 1906 etc.

389 1941 514 1989 Item,
551 1940 702 1980 dicunt
738 1940 855 1991 quod
897 1939 1113 1978 Henricus
1150 1940 1204 1979 de
1243 1940 1416 1988 Sutton,
1450 1939 1644 1988 webster‚
1680 1945 1745 1980 est
1781 1938 2025 1979 communis

302 2013 567 2054 forstallator
588 2014 716 2066 piscis
741 2013 905 2062 marini,
930 2013 970 2052 in
994 2018 1166 2053 tantum
1191 2013 1306 2065 quod
1332 2014 1579 2065 praedictus
1613 2013 1830 2053 Hem-icus
1853 2012 2026 2052 emebat

303 2088 344 2127 in
375 2087 725 2141 Quadragesima
754 2087 808 2127 ab
837 2086 1087 2126 hominibus
1116 2086 1344 2139 regalibus,
1368 2087 1409 2127 in
1443 2087 1555 2127 Foro
1585 2087 1830 2136 Cotidiano,
1854 2092 2026 2127 tantum

303 2161 545 2201 salmonem
568 2160 730 2200 salsum
754 2174 832 2213 pro
855 2173 941 2200 uno
964 2160 1143 2200 denario
1165 2167 1379 2213 quantum
1403 2167 1557 2214 postea
1578 2161 1776 2202 vendidit
1805 2175 1884 2214 pro
1912 2160 2026 2214 iiijd.,

304 2236 346 2274 in
372 2248 580 2287 magnum
604 2234 918 2287 praejudicium
943 2240 985 2274 et
1008 2241 1321 2275 nocumentum
1345 2235 1478 2275 totius
1500 2234 1638 2284 villae,
1661 2241 1739 2275 etc.

392 2308 517 2357 Item,
554 2308 705 2348 dicunt
741 2308 858 2360 quod
894 2307 1118 2360 Johannes
1157 2307 1372 2360 Albayne,
1411 2309 1465 2348 de
1507 2308 1793 2361 Notingham,
1830 2308 1949 2349 venit
1985 2307 2027 2348 in

306 2382 398 2423 foro
421 2383 462 2422 in
486 2382 632 2435 vigilia
657 2383 827 2430 Pascae,
851 2395 967 2422 anno
989 2382 1109 2435 regni
1134 2383 1268 2435 Regis
1293 2383 1468 2422 Ricardi
1493 2383 1684 2424 Secundi
1707 2382 1879 2423 decimo
1901 2395 2028 2431 nono,

306 2463 348 2497 et
385 2457 443 2496 ibi
480 2456 738 2497 forstallavit
775 2463 818 2496 et
854 2456 959 2496 emit
996 2469 1128 2496 unam
1171 2456 1318 2509 bigam
1362 2456 1538 2509 plenam
1580 2457 1705 2497 coriis
1748 2456 1940 2497 tannatis
1975 2456 2030 2497 de

310 2530 498 2570 Ricardo
534 2530 813 2579 Huddesson,
843 2530 897 2570 de
931 2530 1115 2579 Bredon,
1145 2530 1187 2569 in
1218 2543 1428 2583 magnum
1458 2530 1772 2583 praejudicium
1803 2536 1846 2570 et
1874 2530 2029 2583 decep-

309 2605 474 2644 tionem
506 2604 719 2656 Johannis
752 2605 807 2644 de
845 2604 1074 2657 Lyndeby‚
1107 2603 1322 2656 Johannis
1356 2604 1487 2653 Balle,
1525 2604 1725 2644 Thomae
1760 2603 1951 2653 Holand,
1988 2609 2031 2643 et

312 2679 535 2719 Edmundi
567 2679 622 2718 de
654 2678 890 2732 Qweteley‚
921 2678 1023 2731 quia
1059 2677 1269 2730 praedicti
1302 2677 1433 2717 locuti
1468 2676 1640 2717 fuerunt
1674 2690 1772 2716 cum
1807 2676 2031 2730 praedicto

313 2752 502 2793 Ricardo
531 2766 609 2805 pro
638 2752 870 2805 praedictis
899 2751 1035 2800 coriis,
1058 2758 1101 2792 et
1132 2752 1191 2791 sic
1215 2751 1387 2792 fuerunt
1409 2750 1496 2792 fere
1528 2752 1570 2791 in
1597 2752 1737 2805 pretio
1768 2750 2031 2800 concordati,

312 2833 354 2866 et
390 2827 450 2866 sic
481 2826 728 2879 praedictus
761 2825 985 2878 Johannes
1022 2831 1148 2865 caute
1183 2825 1301 2865 venit
1339 2830 1382 2865 et
1415 2831 1567 2865 contra
1600 2831 1814 2865 statutum
1851 2823 2031 2864 Domini

315 2899 458 2952 Regis,
481 2905 524 2939 et
547 2899 721 2939 emebat
743 2898 848 2939 illud
871 2912 949 2951 pro
972 2898 1125 2951 majori
1148 2912 1331 2947 summa,
1353 2905 1430 2939 etc.

399 2973 522 3021 Item,
555 2972 705 3012 dicunt
736 2972 854 3024 quod
886 2972 1103 3025 quaedam
1133 2972 1303 3012 venella
1333 2972 1578 3012 communis
1606 2972 1724 3025 jacet
1754 2972 1958 3013 obturata
1989 2971 2030 3011 in

316 3045 596 3086 Litilmerche
624 3045 735 3085 inter
768 3052 1068 3086 tenementum
1101 3045 1256 3086 Ibotae
1286 3045 1416 3094 Barri,
1446 3052 1489 3086 et
1521 3051 1821 3086 tenementum
1858 3044 2032 3086 Ricardi

315 3118 562 3167 Chillewell,
585 3124 628 3159 et
650 3119 782 3159 modo
805 3132 891 3159 non
915 3119 1076 3167 existit,
1106 3119 1148 3158 in
1179 3132 1388 3171 magnum
1419 3119 1733 3172 praejudicium
1755 3119 1883 3160 villae
1911 3131 2032 3171 prae-

314 3193 467 3233 dictae.

402 3265 527 3314 Item,
550 3265 701 3305 dicunt
723 3265 840 3317 quod
863 3265 1109 3305 willelmus
1134 3265 1254 3305 Prior
1275 3271 1395 3306 tenet
1417 3279 1552 3306 unum
1578 3272 1722 3307 ortum
1751 3266 1868 3319 quod
1895 3277 2032 3318 quon-

316 3339 417 3379 dam
441 3338 520 3378 fuit
544 3338 751 3392 Symonis
776 3337 872 3378 Plot
891 3338 1109 3392 jacentem
1130 3339 1261 3392 juxta
1283 3352 1418 3378 unum
1441 3340 1583 3380 vicum
1606 3345 1810 3380 vocatum
1843 3342 1851 3358 ‘
1868 3339 2033 3379 Raton-
