2198 3845
319 419 396 457 194
581 416 799 449 RECORDS
832 416 892 447 OF
925 415 1024 446 THE
1057 414 1292 447 BOROUGH
1325 414 1385 446 OF
1419 413 1765 446 NOTTINGHAM.
1901 405 2030 458 [1378

313 539 530 588 ministris,
553 545 596 579 et
618 538 711 578 aliis
734 537 932 578 fidelibus
955 536 1052 585 suis,
1075 536 1270 576 salutem.
1335 535 1700 588 Supplicaverunt
1729 535 1854 576 nobis
1883 535 2030 576 dilecti

312 612 436 652 nobis
470 612 624 665 Major,
659 611 822 660 Ballivi,
852 618 894 651 et
927 611 1171 663 Burgenses
1203 609 1330 649 villae
1361 615 1535 649 nostrae
1565 609 1620 649 de
1650 609 1938 662 Notyngham
1971 615 2030 659 ut,

312 699 410 725 cum
434 686 525 738 ipsi,
543 699 619 738 per
640 692 779 725 cartas
802 684 1128 737 progenitorum
1148 689 1393 723 nostrorum
1413 683 1635 735 quondam
1659 696 1809 736 regum
1827 683 2029 736 Angliae,

312 759 503 800 habeant
531 759 711 812 singulis
741 759 875 807 annis,
898 758 940 797 in
971 757 1072 798 villa
1101 757 1334 810 praedicta,
1357 757 1466 797 duas
1489 756 1625 806 ferias,
1649 770 1793 806 unam,
1816 757 2028 806 videlicet,

311 847 388 886 per
437 839 537 874 octo
578 833 669 873 dies
718 833 772 872 ad
815 831 973 872 festum
1024 830 1173 872 Sancti
1217 830 1413 870 Mathaei
1455 829 1661 882 Apostoli
1703 830 1946 877 durantem,
1988 836 2031 871 et

313 907 492 947 adteran]
525 921 601 960 per
629 905 876 959 quindecim]
907 903 1308 954 dies,xidehcet,in
1341 902 1568 955 xigssia,in
1598 903 1668 943 die
1697 909 1740 943 et
1768 903 1810 942 h]
1841 903 2031 944 crasthio

314 980 462 1021 Sancti
497 980 720 1020 Edmundi
755 978 887 1031 Regis
920 984 962 1018 et
995 977 1197 1026 Martiris,
1221 983 1263 1017 et
1295 990 1370 1029 per
1401 976 1631 1016 duodecim
1664 976 1756 1016 dies
1788 983 2030 1029 sequentes,

312 1056 494 1108 x’elimus
517 1055 576 1095 eis
599 1054 787 1107 gratiose
816 1053 1053 1093 concedere
1075 1059 1122 1092 ut
1145 1052 1237 1105 ipsi,
1261 1051 1356 1091 loco
1378 1051 1595 1091 secundae
1617 1049 1747 1090 feriae
1769 1051 2028 1103 praedictae,

311 1130 501 1170 habeant
533 1141 664 1169 unan]
698 1127 847 1168 finiani
881 1126 1041 1167 studeni
1075 1139 1150 1179 per
1182 1125 1374 1178 quinque
1405 1124 1496 1165 (Mes
1528 1124 1793 1174 duraturanu
1816 1125 2028 1174 vhiehcen

312 1205 351 1243 in
376 1204 445 1243 die
468 1209 510 1243 et
532 1203 573 1242 in
597 1202 785 1242 crastino
809 1200 958 1243 Sancti
985 1200 1097 1240 Petri
1121 1200 1162 1239 in
1188 1199 1418 1247 Cathedra,
1443 1204 1485 1238 et
1507 1211 1583 1250 per
1604 1204 1689 1238 tres
1712 1197 1804 1238 dies
1826 1199 2030 1250 proxime

310 1283 559 1330 sequentes:
592 1289 680 1325 nOS,
704 1288 853 1315 eorum
883 1274 1189 1327 supplicationi
1219 1273 1261 1312 in
1285 1272 1365 1312 hac
1387 1278 1510 1325 parte
1538 1277 1790 1321 annuentes,
1813 1272 1869 1312 de
1890 1273 2030 1325 gratia

310 1357 457 1390 nostra
491 1350 665 1402 speciali
696 1348 998 1396 concessimus,
1029 1361 1107 1400 pro
1136 1347 1261 1387 nobis
1295 1352 1338 1387 et
1366 1345 1597 1386 heredibus
1627 1346 1796 1395 nostris,
1823 1346 2030 1398 praefatis

310 1424 479 1477 Majori,
514 1423 699 1472 Ballivis,
733 1430 775 1463 et
809 1421 1116 1475 Burgensibus,
1139 1421 1257 1474 quod
1290 1420 1370 1473 ipsi
1400 1427 1443 1460 et
1473 1433 1622 1459 corum
1653 1433 1922 1460 successores
1951 1420 2029 1460 im-

308 1504 578 1551 perpetuum,
611 1504 780 1550 praeter
816 1497 1001 1550 primam
1035 1494 1184 1535 seriam
1222 1507 1345 1534 suam
1382 1493 1662 1546 praedictam,
1697 1492 1900 1542 habeant,
1935 1493 2031 1534 loco

308 1572 525 1612 secundae
558 1570 687 1611 feriae
721 1570 968 1623 quindecim
1007 1569 1186 1616 dierum,
1218 1580 1351 1607 unam
1384 1566 1534 1606 feriam
1572 1566 1688 1619 apud
1724 1566 1872 1607 villam
1907 1580 2028 1620 prae-

307 1646 469 1686 dictam
501 1644 680 1697 singulis
710 1643 833 1683 annis
863 1656 938 1696 per
960 1643 1151 1695 quinque
1180 1641 1271 1682 dies
1294 1641 1559 1689 duraturam,
1582 1640 1794 1689 videlicet,
1819 1641 1860 1680 in
1885 1641 1955 1681 die
1984 1648 2027 1682 et

308 1719 350 1758 in
393 1719 582 1758 crastino
625 1718 773 1759 Sancti
819 1717 932 1757 Petri
983 1716 1025 1755 in
1080 1715 1310 1763 Cathedra,
1353 1721 1395 1754 et
1438 1728 1513 1767 per
1554 1720 1639 1754 tres
1683 1714 1775 1754 dies
1827 1715 2029 1767 proxime

308 1798 550 1844 sequentes,
592 1792 701 1832 sicut
743 1791 1013 1844 praedictum
1056 1795 1141 1839 est;
1188 1789 1443 1829 dumtamen
1487 1787 1592 1828 feria
1633 1787 1705 1828 illa
1746 1800 1833 1828 non
1876 1788 1932 1829 sit
1973 1790 2028 1829 ad

309 1872 619 1906 nocumentum
655 1864 892 1905 vicinarum
930 1863 1140 1904 feriarum.
1205 1862 1351 1916 Quare
1384 1862 1584 1902 volumus
1618 1869 1660 1903 et
1695 1860 1874 1903 firmiter
1907 1876 2029 1915 prae-

308 1939 502 1992 cipimus,
525 1953 603 1992 pro
625 1938 749 1979 nobis
778 1944 821 1979 et
849 1937 1079 1977 heredibus
1110 1936 1278 1985 nostris,
1301 1937 1418 1989 quod
1448 1936 1658 1989 praedicti
1683 1936 1837 1989 Major,
1863 1937 2028 1987 Ballivi,

309 2019 350 2053 et
389 2013 642 2065 Burgenses
677 2019 719 2052 et
761 2025 909 2052 corun]
951 2024 1220 2051 succefflxnes
1258 2011 1590 2063 hnperpetuunt
1629 2017 1800 2063 fffaeter
1841 2011 2027 2063 prunam]

309 2085 458 2126 ierkun
496 2099 619 2125 suan]
657 2085 936 2138 praedhstanu
973 2084 1175 2133 habeanss
1213 2084 1308 2125 loco
1345 2098 1448 2124 suae
1485 2084 1702 2124 secundae
1739 2083 1870 2125 festae
1906 2099 2028 2137 prae-

308 2160 450 2200 dictae
491 2159 739 2212 quindecim
792 2159 970 2208 dierum,
1013 2172 1145 2199 unam
1188 2158 1337 2198 feriam
1391 2159 1507 2211 apud
1558 2158 1705 2198 villam
1758 2159 2027 2211 praedictam

309 2233 488 2286 singulis
530 2233 653 2273 annis
695 2246 770 2286 per
806 2232 998 2285 quinque
1034 2232 1126 2272 dics
1163 2233 1426 2281 duraturam,
1466 2231 1676 2281 videlicet,
1714 2232 1755 2271 in
1794 2232 1864 2273 dic
1900 2239 1943 2274 et
1985 2233 2027 2273 in

309 2307 496 2347 crastino
520 2307 669 2349 Sancti
695 2306 808 2347 Petri
830 2306 872 2346 in
905 2305 1135 2356 cathedra,
1159 2312 1201 2347 et
1230 2320 1306 2359 per
1335 2312 1420 2347 tres
1443 2305 1535 2346 dies
1557 2306 1760 2358 proxime
1782 2312 2027 2359 sequentes,

309 2394 406 2420 mun
444 2380 646 2420 onnnbus
683 2379 954 2420 hbffltaffibus
996 2386 1039 2420 et
1075 2379 1219 2420 Hbeffis
1256 2379 1643 2420 confflustudhfibus
1681 2380 1736 2420 ad
1774 2380 2027 2434 hufinnnodi

309 2453 457 2494 feriam
500 2454 828 2506 pertinentibus,
865 2453 945 2493 nisi
983 2452 1087 2494 feria
1128 2453 1201 2494 illa
1241 2454 1296 2494 sit
1339 2454 1393 2494 ad
1435 2459 1748 2494 nocumentum
1786 2455 2026 2494 vicinarum

310 2527 520 2577 feriarum,
544 2528 653 2568 sicut
682 2526 952 2580 praedictum
982 2533 1056 2567 est.
1122 2527 1221 2567 Hiis
1250 2527 1453 2568 testibus:
1485 2528 1803 2568 venerabilibus
1831 2528 2028 2581 patribus

310 2601 458 2641 Adam
477 2602 531 2641 de
556 2602 737 2642 Houton
758 2600 1022 2650 Menevensi,
1047 2600 1318 2643 Cancellario
1335 2608 1495 2651 nostro,
1511 2602 1685 2642 Thoma
1702 2602 1757 2642 de
1781 2602 2027 2654 Brantyng-

309 2674 410 2715 ham
450 2675 702 2723 Exoniensi,
745 2674 1035 2715 Thesaurario
1071 2681 1230 2724 nostro,
1269 2675 1443 2715 Thoma
1478 2675 1753 2724 Karliolensi,
1791 2675 2028 2728 Radulpho

312 2749 640 2797 Saresburiensi,
666 2748 906 2801 Episcopis,
930 2747 1103 2788 Thoma
1129 2748 1184 2788 de
1214 2748 1461 2788 wodestok
1489 2748 1830 2801 Buk[ingham’],
1853 2748 2028 2789 Thoma

310 2823 364 2862 de
387 2822 508 2862 Bello
536 2823 705 2875 Campo
726 2821 1026 2874 VVarr[wick’],
1058 2821 1314 2870 Comitibus,
1337 2821 1560 2862 W'illelmo
1590 2822 1812 2874 Latymer,
1838 2822 2028 2862 Ricardo

310 2896 365 2935 de
399 2894 603 2944 Stafford,
635 2895 828 2935 Henrico
861 2894 901 2934 le
935 2894 1083 2947 Scrop,
1117 2894 1320 2947 Johanne
1355 2895 1546 2948 Knyvet,
1579 2895 1800 2944 militibus,
1837 2895 2027 2936 Ricardo

310 2968 349 3008 le
391 2968 528 3020 Scrop
566 2967 816 3009 Senescallo
855 2967 1048 3020 Hospitii
1094 2968 1240 3016 nostri,
1278 2974 1321 3008 et
1357 2968 1460 3008 aliis.
1524 2969 1691 3009 Datum
1729 2983 1805 3022 per
1846 2983 2025 3010 manum

310 3047 502 3081 nostram
527 3041 641 3093 apud
664 3041 1116 3090 westmonasterium,
1139 3041 1311 3081 decimo
1340 3055 1457 3082 nono
1479 3042 1549 3082 die
1578 3042 1737 3092 Martii,
1760 3056 1877 3084 anno
1904 3044 2025 3096 regni

310 3114 444 3154 nostri
468 3114 616 3167 primo.

1867 3189 2024 3232 Scarle.

1323 3261 1402 3301 Per
1425 3261 1561 3302 Breve
1582 3263 1637 3302 de
1661 3263 1834 3303 Privato
1859 3263 2023 3315 sigillo.

1898 3337 2023 3388 4165.
