2198 3845
284 407 360 456 198
542 414 762 448 RECORDS
793 414 854 448 OF
886 414 986 446 THE
1018 411 1254 445 BOROUGH
1286 410 1347 443 OF
1381 408 1728 442 NOTTINGHAM.
1864 396 1996 454 [1378

365 561 736 614 CVIII.—R0yal
766 559 1042 604 Comnnsscsion
1075 565 1114 599 lo
1143 558 1315 611 anquira
1348 557 1434 597 into
1464 556 1738 597 obstructions
1770 555 1814 595 2'12
1847 553 1914 594 tlte

980 633 1120 672 Rz'ver
1155 632 1293 672 Trem‘.

888 735 901 762 1
913 724 1005 774 378,
1040 721 1291 762 November
1328 733 1341 760 1
1353 732 1385 760 2.

370 832 633 880 RICARDUS,
677 830 759 870 Dei
798 829 959 878 Gratia,
999 829 1098 869 Rex
1136 827 1327 880 Angliae
1363 833 1407 867 et
1445 825 1664 874 Franciae‚
1702 829 1745 864 et
1783 823 2001 864 Dominus

283 904 532 954 Hiberniae,
566 903 734 944 dilectis
768 909 811 943 et
846 901 1044 942 fidelibus
1077 902 1164 941 suis
1197 900 1388 954 Johanni
1422 900 1476 940 de
1511 899 1639 952 Grey,
1672 899 1727 939 de
1760 897 2001 945 Codenore,

281 978 479 1027 chivaler,
514 976 706 1017 Henrico
738 976 792 1016 de
825 976 952 1028 Grey,
983 975 1037 1015 de
1060 975 1239 1024 Wilton,
1269 973 1468 1023 chivaler,
1491 972 1714 1014 W'illelmo
1743 972 1797 1012 de
1830 971 2002 1024 Burgh’,

283 1051 478 1092 Roberto
510 1051 565 1091 de
597 1051 786 1099 Morton,
819 1055 862 1090 et
897 1049 1092 1090 Roberto
1126 1048 1313 1098 MartelL
1345 1047 1541 1088 salutem.
1606 1046 1722 1100 Quia
1753 1045 1905 1086 datum
1938 1051 2004 1085 est

281 1124 406 1165 nobis
438 1123 620 1177 intelligi
653 1124 770 1176 quod
804 1122 1064 1176 quamplura
1095 1122 1299 1175 gurgites,
1333 1121 1595 1170 molendina,
1628 1126 1796 1173 stagna,
1828 1118 1927 1172 pali,
1961 1124 2004 1158 et

282 1197 429 1238 kidelli
460 1198 501 1237 in
532 1211 646 1250 aqua
674 1198 729 1238 de
757 1198 930 1246 Trente‚
955 1197 996 1236 in
1029 1196 1252 1239 Comitatu
1283 1195 1596 1249 Notyngham’‚
1619 1208 1696 1248 per
1717 1207 1849 1247 quam
1872 1207 2004 1234 naves

281 1278 324 1312 et
352 1271 500 1312 batelli
530 1284 628 1311 cum
651 1270 910 1311 victualibus
940 1277 983 1310 et
1012 1270 1105 1310 aliis
1134 1269 1426 1310 mercimoniis
1459 1269 1642 1310 transire
1673 1268 1883 1317 solebant,
1913 1268 2004 1321 jam

282 1345 337 1386 de
359 1358 473 1385 novo
495 1345 638 1398 posita
660 1344 854 1385 existant
876 1349 919 1385 et
941 1344 1094 1393 levata,
1118 1344 1179 1384 ita
1204 1344 1322 1396 quod
1352 1357 1428 1396 per
1457 1343 1719 1384 levationem
1750 1341 2004 1382 eorumdem

283 1432 431 1459 cursus
462 1432 601 1471 aquae
629 1418 879 1471 praedictae
907 1417 1051 1458 taliter
1080 1417 1317 1466 divertitur,
1341 1416 1589 1466 obstruitur,
1613 1422 1656 1457 et
1685 1421 1860 1465 artatur,
1887 1415 2005 1468 quod

285 1506 416 1533 naves
445 1499 488 1533 et
517 1492 666 1533 batelli
695 1506 771 1545 per
799 1492 984 1533 eandem
1015 1491 1198 1533 transire
1227 1497 1449 1544 nequeunt
1481 1496 1529 1531 ut
1560 1489 1771 1539 solebant,
1795 1489 1838 1529 in
1870 1488 2006 1529 nostri

285 1572 599 1620 contemptum,
623 1572 665 1607 et
692 1572 981 1607 mercatorum
1014 1572 1057 1606 et
1084 1566 1266 1606 aliorum
1293 1566 1348 1606 de
1374 1564 1553 1606 diversis
1580 1563 1860 1604 comitatibus
1886 1563 2007 1616 regni

285 1640 420 1681 nostri
458 1640 649 1693 Angliae
690 1640 968 1693 dispendium
1012 1653 1098 1680 non
1143 1639 1364 1680 modicum
1407 1645 1450 1679 et
1491 1650 1738 1691 gravamen,
1776 1643 1819 1677 et
1856 1643 2009 1677 contra

287 1713 471 1754 formam
509 1714 834 1754 ordinationum
872 1719 915 1754 et
951 1719 1214 1754 statutorum
1254 1718 1355 1753 ante
1391 1711 1498 1752 haec
1533 1718 1734 1764 tempora
1767 1710 2008 1752 factorum:

287 1787 484 1828 nolentes
515 1787 765 1840 hujusmodi
795 1794 885 1828 tam
916 1787 1242 1840 praejudicialia
1271 1786 1435 1839 populo
1465 1792 1613 1826 nostro
1636 1785 1881 1838 aliqualiter
1902 1784 2008 1825 tole-

287 1876 390 1911 rare,
413 1868 479 1902 set
501 1875 551 1902 ea
573 1875 685 1915 quae
706 1875 785 1914 pro
814 1861 1035 1902 communi
1063 1861 1250 1902 utilitate
1279 1860 1399 1913 regni
1430 1859 1565 1900 nostri
1588 1858 1779 1912 Angliae
1808 1858 2010 1899 ordinata

288 1935 460 1976 fuerunt
482 1942 524 1977 et
554 1936 819 1976 concordata
848 1935 1097 1976 executioni
1121 1935 1267 1975 debite
1290 1933 1557 1983 demandari,
1581 1932 1898 1986 assignavimus
1921 1946 2008 1982 vos,

287 2015 484 2062 quatuor,
522 2015 618 2059 tres,
661 2016 704 2050 et
745 2009 854 2049 duos
892 2015 1095 2057 vestrum,
1138 2009 1193 2049 ad
1235 2008 1460 2061 praedicta
1500 2007 1704 2060 gurgites,
1747 2006 2009 2055 molendina,

288 2090 454 2136 stagna,
485 2083 619 2136 palos,
648 2089 691 2123 et
723 2082 918 2132 kidellos,
942 2095 992 2122 ac
1024 2095 1176 2122 omnes
1209 2081 1316 2122 alios
1348 2081 1544 2122 defectus
1577 2093 1717 2134 aquae
1748 2080 2009 2133 praedictae,

288 2157 667 2210 supervidendum,
690 2162 733 2197 et
762 2157 816 2196 ad
847 2156 1152 2209 inquirendum
1176 2169 1252 2208 per
1273 2161 1595 2195 sacramentum
1619 2153 1854 2207 proborum
1885 2159 1927 2194 et
1953 2153 2010 2193 le-

288 2232 451 2285 galium
486 2231 713 2271 hominum
748 2231 803 2271 de
839 2230 1050 2271 comitatu
1085 2229 1319 2283 praedicto,
1351 2235 1442 2270 tam
1478 2228 1587 2269 infra
1621 2228 1842 2269 libertates
1878 2240 2010 2280 quam

289 2312 425 2354 extra,
462 2319 538 2358 per
571 2318 680 2357 quos
717 2305 775 2344 rei
814 2304 970 2345 veritas
1008 2303 1162 2344 melius
1198 2303 1294 2343 sciri
1332 2303 1502 2356 poterit,
1537 2315 1649 2356 quae
1686 2308 1728 2343 et
1765 2300 2010 2354 cujusmodi

291 2379 495 2431 gurgites,
519 2378 780 2427 molendina,
804 2385 970 2431 stagna,
993 2377 1091 2431 pali,
1115 2384 1157 2418 et
1183 2377 1331 2418 kidelli
1354 2377 1396 2417 in
1427 2390 1541 2430 aqua
1569 2375 1793 2429 praedicta
1815 2381 2012 2428 tempore

294 2452 473 2492 Domini
513 2452 728 2501 Edwardi,
762 2450 835 2491 filii
875 2451 1008 2504 Regis
1048 2451 1239 2499 Henrici,
1277 2450 1567 2503 progenitoris
1603 2449 1750 2499 nostri,
1787 2449 2010 2502 quondam

295 2526 427 2579 Regis
457 2525 659 2578 Angliae,
683 2532 725 2566 et
748 2525 964 2578 deincepS,
986 2525 1130 2578 posita
1158 2531 1201 2565 et
1231 2524 1374 2565 levata
1402 2524 1607 2573 existant,
1631 2530 1674 2564 et
1706 2537 1782 2577 per
1804 2537 1913 2576 quos
1945 2521 2012 2562 vel

292 2612 368 2651 per
389 2612 530 2651 quem,
554 2613 641 2652 quo
670 2605 876 2652 tempore,
900 2598 1085 2651 qualiter
1113 2604 1155 2639 et
1178 2598 1411 2651 quomodo,
1435 2604 1478 2638 et
1507 2598 1562 2638 ad
1591 2598 1740 2638 omnia
1762 2595 2012 2650 hujusmodi

292 2672 495 2725 gurgiteS,
520 2673 781 2722 molendina,
804 2679 971 2725 stagna,
994 2672 1128 2725 palos,
1151 2679 1195 2712 et
1223 2671 1419 2721 kidellos,
1442 2685 1491 2712 ac
1521 2672 1627 2712 alios
1650 2671 1845 2712 defectus
1875 2683 2014 2723 aquae

293 2746 551 2798 praedictae,
576 2759 652 2798 per
673 2759 805 2798 quam
838 2745 1046 2786 transitus
1078 2745 1254 2785 navium
1287 2751 1330 2786 et
1358 2745 1618 2786 batellorum
1645 2745 1890 2798 impeditur,
1914 2757 2012 2785 cum

294 2819 412 2858 omni
431 2819 650 2859 celeritate
673 2832 759 2871 qua
777 2817 866 2859 fieri
889 2819 1058 2871 poterit,
1079 2818 1211 2872 juxta
1233 2818 1429 2868 formam,
1448 2818 1546 2868 vim,
1565 2825 1608 2859 et
1630 2817 1833 2859 effectum
1857 2824 2012 2859 statut-

294 2906 417 2932 orum
441 2899 483 2932 et
505 2892 830 2932 ordinationum
854 2892 1188 2945 praedictorum,
1212 2892 1459 2932 amovenda
1480 2899 1523 2932 et
1545 2892 1807 2945 deponenda
1835 2905 1911 2945 per
1940 2905 2013 2932 eos

295 2966 367 3018 qui
390 2966 449 3005 sic
471 2979 521 3005 ea
544 2966 796 3006 levaverunt
818 2971 862 3006 et
884 2972 1132 3018 posuerunt,
1151 2972 1194 3006 et
1216 2965 1322 3006 alios
1339 2966 1412 3018 qui
1436 2966 1491 3006 ad
1513 2965 1596 3006 hoc
1618 2949 1831 3016 tenentur,
1850 2965 2014 3018 absque

295 3038 557 3078 relevatione
594 3039 858 3088 eorumdem,
889 3045 932 3079 et
963 3039 1017 3079 ad
1050 3039 1167 3092 ipsos
1204 3039 1259 3079 ad
1291 3039 1374 3079 hoc
1403 3038 1649 3079 faciendum
1684 3039 1762 3079 viis
1796 3046 1840 3080 et
1873 3039 2014 3079 modis

295 3112 450 3164 quibus
480 3111 633 3152 melius
662 3111 752 3152 fore
780 3112 983 3161 videritis,
1014 3111 1272 3161 faciendum,
1296 3113 1659 3166 compellendum,
1683 3119 1725 3153 et
1754 3112 2014 3165 distringen-

295 3186 410 3235 dum,
435 3191 477 3226 et
500 3185 554 3225 ad
577 3198 729 3225 omnes
752 3185 847 3225 illos
870 3186 943 3238 qui
965 3186 1099 3235 vobis,
1121 3185 1189 3226 vel
1219 3185 1345 3226 alicui
1376 3192 1577 3236 vestrum,
1600 3186 1643 3226 in
1665 3185 1746 3226 hac
1768 3192 1892 3239 parte
1913 3198 2014 3225 con-

295 3259 411 3299 trarii
434 3258 592 3299 fuerint
614 3272 688 3298 seu
711 3258 891 3298 rebelles
914 3259 1186 3312 capiendum,
1210 3266 1253 3300 et
1275 3260 1567 3308 arestandum,
1590 3266 1633 3300 et
1650 3259 1834 3312 prisonis
1856 3259 2014 3299 nostris

297 3332 648 3384 mancipandum,
673 3332 714 3371 in
745 3332 909 3373 eisdem
942 3339 1185 3373 moraturos
1208 3346 1434 3386 quousque
1456 3333 1579 3374 aliter
1601 3333 1655 3374 de
1677 3333 1736 3374 eis
1759 3332 2014 3374 duxerimus
