2198 3845
302 422 384 462 224
565 421 783 454 RECORns
816 422 876 453 OF
909 423 1008 453 THE
1043 422 1277 453 BOROUGH
1311 422 1371 453 OF
1406 422 1753 454 NOTTINGHAM.
1889 414 2018 467 [1382

301 542 472 595 juniore
508 550 551 585 et
588 544 763 584 Thoma
798 544 867 585 del
910 544 1030 593 Holt,
1068 550 1171 585 tunc
1217 543 1393 585 Ballivis
1430 544 1625 597 ejusdem
1664 544 1801 595 villae,
1840 544 2030 586 Radulfo

305 616 515 667 Torkard,
553 618 776 658 Willelmo
815 619 1000 671 Cupper,
1040 618 1214 658 Thoma
1250 619 1304 658 de
1348 618 1543 668 Bothale,
1582 618 1806 659 Vv'illelmo
1851 619 2029 672 Spycer,

304 696 347 730 et
369 690 471 730 aliis.
536 692 702 732 Datum
727 693 843 744 apud
869 691 1169 744 Notyngham,
1193 692 1263 732 die
1286 692 1489 732 Mercurii
1520 692 1724 745 proximo
1747 698 1847 745 post
1869 692 2028 733 festum

307 764 456 806 Sancti
495 766 709 806 Matthaei
747 766 964 819 Apostoli,
1003 779 1119 806 anno
1156 766 1274 818 regni
1315 766 1449 818 Regis
1489 766 1663 806 Ricardi
1703 766 1893 808 Secundi
1929 773 2030 820 post

305 845 591 891 conquestum
614 840 805 892 Angliae
827 840 977 880 sexto.‘
1042 840 1099 880 Et
1122 839 1300 880 ulterius
1330 840 1553 892 praedicta
1582 841 1744 882 Cecilia
1773 840 2029 881 examinata

304 919 368 953 est
405 913 445 952 in
484 913 614 966 plena
651 913 792 962 Curia,
825 920 867 954 et
904 913 1008 954 dicit
1045 926 1091 953 se
1128 926 1243 966 pure,
1281 920 1324 954 et
1360 920 1528 966 sponte,
1566 920 1608 954 et
1641 914 1807 967 absque
1844 913 2027 967 alicujus

305 986 379 1026 viri
403 987 664 1035 coherffione,
688 988 816 1028 istam
841 994 1004 1027 cartam
1029 987 1070 1026 in
1095 987 1234 1027 forma
1257 988 1479 1040 praedicta
1502 987 1751 1028 confecisse.

1711 1063 1826 1109 1282,
1851 1075 1905 1101 ro.
1933 1062 2026 1102 26d.

358 1379 778 1432 CXXIII.—R0yal
794 1380 1111 1420 Proclamalz'mz
1124 1380 1398 1433 prollz'bz'sing
1420 1380 1597 1421 Owners
1617 1381 1671 1432 of
1681 1381 1814 1421 Laud
1830 1395 1880 1421 012
1904 1381 1970 1422 tlze

502 1452 613 1492 sides
634 1454 688 1504 (tf
700 1453 766 1493 [lle
796 1454 926 1494 Trea!
936 1455 1059 1505 slvm
1083 1454 1238 1506 taking
1254 1455 1385 1494 Fines
1395 1455 1519 1506 from
1542 1455 1819 1507 Nawgalors.

934 1546 1049 1593 1382,
1075 1544 1326 1584 November
1356 1556 1411 1585 10.

391 1649 655 1698 RICARDUs,
696 1650 778 1689 Dei
817 1649 978 1698 Gratia,
1019 1650 1117 1689 Rex
1160 1650 1351 1703 Angliac
1393 1657 1435 1691 et
1476 1650 1694 1699 Franciae,
1729 1656 1771 1691 et
1810 1651 2027 1692 Dominus

307 1722 554 1772 Hiberniae,
587 1723 796 1763 universis
826 1730 868 1764 et
903 1724 1083 1776 singulis
1119 1724 1356 1764 admirallis
1391 1731 1433 1765 et
1463 1738 1611 1764 eorum
1643 1724 1738 1765 loca
1766 1725 2027 1775 tenentibus,

303 1797 551 1850 capitaneis,
575 1797 833 1846 castellanis,
858 1798 1076 1850 magistris
1100 1799 1352 1847 marinariis,
1376 1798 1631 1839 custodibus
1661 1804 1864 1851 portuum
1897 1799 2027 1839 maris

303 1879 345 1912 et
380 1872 560 1912 aliorum
597 1872 789 1912 locorum
826 1872 1154 1921 maritimorum,
1189 1872 1378 1912 dominis
1413 1872 1611 1912 villarum
1647 1879 1689 1912 et
1722 1872 2026 1922 maneriorum,

303 1946 640 1995 vicecomitibus,
683 1946 930 1999 majoribus,
973 1946 1241 1999 praepositis,
1284 1945 1542 1994 senescallis‚
1584 1945 1764 1994 ballivis,
1808 1946 2026 1996 ministris,

303 2027 345 2061 et
378 2020 471 2060 aliis
509 2020 708 2061 fidelibus
749 2027 791 2061 et
832 2021 1017 2062 subditis
1055 2021 1153 2069 suis,
1195 2027 1284 2061 tam
1327 2034 1403 2073 per
1436 2027 1595 2060 terram
1631 2033 1762 2073 quam
1799 2034 1875 2073 per
1910 2035 2028 2061 mare

302 2095 560 2145 constitutis,
584 2095 694 2135 infra
728 2095 948 2136 libertates
983 2102 1025 2136 et
1059 2101 1196 2144 extra,
1221 2095 1275 2135 ad
1306 2108 1414 2148 quos
1445 2100 1696 2147 praesentes
1731 2094 1901 2135 litterae
1932 2108 2026 2147 per-

302 2169 508 2219 venerint,
551 2169 746 2210 salutem.
832 2170 903 2209 Ex
945 2169 1138 2209 clamosa
1187 2169 1480 2210 insinuatione
1528 2169 1757 2209 hominum
1800 2167 1929 2208 villae
1971 2169 2027 2209 de

304 2243 591 2296 Notyngham
625 2249 668 2283 et
700 2243 1029 2283 communitatis
1062 2243 1196 2284 totius
1230 2243 1477 2285 Comitatus
1512 2242 1827 2296 Notyngham'‚
1861 2243 2026 2296 accepi-

303 2329 409 2366 mus,
442 2317 559 2369 quod
597 2330 695 2356 cum
728 2317 884 2357 diversi
922 2317 1121 2357 homines
1159 2317 1367 2358 ducentes
1405 2317 1575 2357 diversa
1606 2316 1810 2357 victualia
1842 2322 1884 2357 et
1917 2330 2026 2357 mer—

302 2390 512 2439 candisas,
545 2403 643 2431 cum
681 2390 863 2430 navibus
900 2396 943 2431 et
979 2390 1161 2440 batellis‚
1194 2405 1270 2444 per
1301 2404 1460 2444 aquam
1495 2392 1550 2432 de
1584 2391 1732 2440 Trent,
1765 2391 1807 2430 in
1845 2390 2027 2444 singulis

302 2464 462 2517 placeis
485 2465 595 2505 inter
616 2464 739 2505 villas
762 2464 816 2504 de
849 2464 967 2504 Hull'
991 2471 1033 2505 et
1064 2465 1345 2517 Noyngham,
1368 2465 1471 2506 totis
1501 2464 1772 2518 temporibus
1801 2465 2026 2505 retroactis

303 2538 457 2588 venire,
487 2545 529 2579 et
561 2552 636 2591 per
668 2538 852 2578 eandem
887 2551 1046 2591 aquam
1079 2538 1266 2578 velando
1295 2545 1338 2579 et
1368 2538 1618 2591 navigando
1648 2538 1780 2578 libere
1809 2538 1957 2588 redire,
1981 2544 2025 2579 et

303 2626 380 2664 pro
412 2612 627 2665 parvitate
659 2626 798 2665 aquae
831 2625 962 2652 naves
995 2618 1037 2652 et
1067 2612 1251 2652 batellos
1281 2626 1381 2653 suos
1411 2626 1486 2666 per
1516 2613 1624 2653 linas
1654 2618 1697 2652 et
1720 2612 1874 2652 cordas
1897 2625 2027 2665 super

302 2692 460 2726 terram
484 2700 541 2726 ex
564 2693 747 2739 utraque
769 2692 892 2739 parte
922 2699 1061 2738 aquae
1090 2686 1340 2739 praedictae
1367 2687 1548 2736 trahere,
1572 2686 1886 2735 consueverint,
1911 2699 2024 2739 quae

302 2761 478 2812 quidem
509 2775 622 2814 aqua
650 2767 715 2800 est
747 2760 904 2813 riparia
936 2766 1093 2809 nostra,
1118 2766 1160 2800 et
1189 2760 1243 2800 de
1268 2760 1364 2812 jure
1392 2760 1638 2800 communi1
1669 2759 1921 2813 passagium
1947 2772 2027 2812 pro

302 2835 490 2887 cariagio
512 2841 554 2875 et
577 2834 670 2874 aliis
693 2834 945 2874 necessariis
969 2834 1010 2873 in
1034 2834 1189 2874 eadem
1212 2847 1326 2886 aqua
1348 2833 1557 2874 faciendis
1580 2847 1659 2886 pro
1676 2833 2026 2886 quibuscumque

302 2907 550 2948 hominibus
585 2908 726 2948 eidem
761 2907 1099 2955 transeuntibus,
1122 2920 1171 2946 ac
1203 2907 1383 2959 quidam
1413 2906 1612 2947 homines
1645 2907 1858 2947 habentes
1890 2913 2026 2947 terras

302 2995 400 3021 suas
437 2981 688 3034 adjacentes
722 2982 865 3022 dictae
902 2981 1085 3033 ripariae
1122 2995 1178 3021 ex
1217 2987 1401 3033 utraque
1436 2987 1560 3033 parte
1598 2994 1737 3033 aquae
1773 2980 2025 3033 praedictae

302 3055 493 3095 diversos
516 3054 622 3095 fines
645 3061 687 3095 et
717 3055 1040 3107 redemptiones
1070 3068 1119 3094 ac
1141 3054 1270 3094 vadia
1292 3055 1346 3094 de
1375 3054 1555 3106 singulis
1585 3054 1767 3094 navibus
1790 3060 1833 3094 et
1854 3053 2025 3093 batellis

304 3128 464 3168 ibidem
493 3128 766 3168 venientibus
796 3134 898 3168 ante
927 3128 1034 3168 haec
1064 3134 1262 3180 tempora
1292 3134 1510 3180 ceperunt,
1535 3134 1577 3168 et
1600 3128 1738 3168 indies
1761 3141 1914 3180 capere
1937 3140 2024 3167 non

303 3202 528 3251 desistunt,
558 3215 634 3254 per
665 3202 782 3254 quod
814 3201 1095 3254 quamplures
1127 3201 1378 3253 hujusmodi
1411 3201 1609 3242 homines
1642 3202 1715 3242 diu
1748 3201 1848 3241 illuc
1879 3201 2026 3241 venire

303 3276 573 3323 distulerunt,
597 3283 639 3316 et
668 3276 809 3316 adhuc
839 3275 1056 3324 differunt,
1079 3275 1140 3315 ita
1162 3275 1279 3326 quod
1303 3275 1473 3315 diversa
1501 3275 1705 3315 victualia
1734 3275 1788 3315 ad
1816 3287 2023 3327 magnam

886 3367 892 3379 ¹
917 3363 1111 3402 commum'‚]
1133 3363 1350 3401 ‘commune,⁷
1369 3364 1440 3397 MS.
