2198 3845
351 418 434 466 418
616 423 835 455 RECORDS
868 423 928 454 OF
961 422 1060 453 THE
1093 420 1328 452 BOROUGH
1362 420 1422 451 OF
1456 419 1803 451 NOTTINGHAM.
1941 410 2072 467 [1392

350 545 576 596 ripariarum
610 544 786 595 Angliae,
822 551 916 592 etc.,
954 556 1023 593 per
1056 541 1225 592 spatium
1260 539 1448 579 dimidiae
1486 540 1601 579 unius
1640 541 1776 579 leucae
1814 553 1836 579 a
1873 541 2074 591 praedicto

351 615 580 655 molendino
618 621 655 654 et
693 613 852 665 gurgite,
892 613 992 651 inter
1029 610 1229 662 praedicta
1276 609 1525 649 molendina¹
1565 617 1602 648 et
1640 610 1832 660 gurgitem
1872 618 1910 649 et
1943 610 2074 649 villam

351 685 616 735 Notingham',
649 697 783 723 cursus
817 695 942 732 aquae
976 680 1198 731 praedictae
1232 681 1282 718 de
1317 681 1439 717 Trent
1473 679 1620 718 divisus
1657 687 1725 727 est,
1761 687 1799 718 et
1833 680 1882 718 ab
1912 680 2075 729 antiquo

350 754 496 792 divisus
517 754 599 802 fuit,
622 754 660 791 in
682 755 781 792 duos
802 765 948 799 curSUS,
966 750 1159 797 videlicet,
1182 749 1221 786 in
1242 762 1366 786 unum
1387 761 1543 786 cursum
1564 756 1785 788 currentem
1806 750 1855 787 ad
1877 750 2076 799 praedicta

350 824 578 863 molendina
606 831 643 862 et
672 822 873 873 gurgitem,
900 829 937 860 et
965 820 1085 858 alium
1112 832 1269 857 cursum
1298 825 1518 856 currentem
1539 830 1607 867 per
1626 818 1757 856 villam
1779 819 1829 857 de
1856 819 2074 868 Adbolton,

350 901 388 933 et
409 894 552 932 abinde
573 905 697 942 usque
718 893 768 930 ad
789 904 929 940 aquam
954 891 1003 928 de
1027 889 1220 936 Humbre,
1244 895 1281 926 et
1303 887 1357 926 sic
1384 888 1435 925 ad
1463 888 1585 925 altum
1613 901 1731 936 mare,
1754 895 1849 937 etc.;
1878 896 1916 926 et
1938 889 2074 928 dicunt

349 965 457 1013 quod
478 977 546 1013 per
566 962 810 1012 praedictum
831 973 988 999 cursum
1016 966 1235 997 currentem
1263 970 1331 1007 per
1358 957 1600 1007 praedictam
1621 957 1752 995 villam
1774 958 1825 996 de
1854 958 2071 1006 Adbolton,

349 1040 434 1080 etc.,
458 1045 574 1071 naves
606 1039 642 1070 et
670 1030 801 1069 batelli
828 1030 876 1068 ab
898 1028 1060 1078 antiquo
1091 1041 1216 1077 usque
1245 1028 1295 1066 ad
1325 1026 1566 1076 praedictam
1587 1026 1718 1065 villam
1740 1028 1790 1065 de
1820 1029 2076 1078 Notyngham

347 1102 478 1141 venire
517 1109 553 1140 et
592 1100 797 1151 applicare,
834 1106 871 1138 et
910 1098 1053 1137 abinde
1092 1110 1160 1147 per
1198 1097 1369 1136 eundem
1404 1110 1561 1135 cursum
1600 1097 1737 1145 redire,
1773 1106 2072 1146 consueverunt,

348 1172 540 1219 videlicet,
577 1171 737 1221 quando
775 1182 909 1208 cursus
948 1181 1073 1218 aquae
1107 1167 1329 1217 praedictae
1363 1179 1431 1217 per
1464 1174 1662 1206 cretenam
1701 1180 1827 1217 aquae
1865 1181 1990 1218 usque
2024 1169 2074 1207 ad

349 1241 613 1280 summitatem
643 1240 748 1290 ripae
777 1251 912 1277 cursus
941 1250 1066 1287 aquae
1095 1236 1318 1286 praedictae
1348 1249 1388 1275 se
1417 1236 1569 1284 levavit,
1601 1244 1638 1275 et
1669 1250 1749 1275 non
1779 1237 1854 1276 alio
1885 1245 2073 1287 tempore,

349 1319 418 1350 ete.
432 1326 442 1359 3
472 1318 508 1349 et
530 1310 665 1349 dicunt
687 1309 857 1356 ulterius,
881 1309 989 1358 quod
1017 1320 1135 1345 naves
1156 1313 1192 1344 et
1221 1306 1365 1353 batelli,
1388 1305 1564 1355 quolibet
1586 1313 1763 1356 ternpore
1784 1306 1888 1355 anni,
1912 1308 2073 1356 quando

348 1394 482 1419 cursus
502 1394 628 1430 aquae
648 1379 871 1430 praedictae
892 1391 960 1428 per
986 1384 1185 1415 cretenam
1212 1377 1391 1426 ejusdem
1419 1389 1544 1425 aquae
1573 1389 1699 1426 usque
1726 1377 1777 1415 ad
1805 1377 2073 1415 summitatem

348 1451 453 1500 ripae
484 1451 661 1500 ejusdem
693 1461 818 1499 aquae
847 1461 887 1486 se
917 1447 1103 1494 extendit,
1127 1446 1209 1485 sine
1242 1445 1527 1495 impedimento
1559 1445 1691 1495 aliquo
1718 1445 1848 1484 venire
1880 1453 1918 1484 et
1949 1446 2074 1484 redire

348 1528 522 1570 possunt,
564 1519 661 1558 sicut
701 1519 749 1557 ab
788 1517 950 1567 antiquo
989 1523 1296 1556 consueverunt:
1344 1528 1446 1565 quae
1494 1515 1626 1554 omnia
1674 1523 1710 1554 et
1759 1515 1910 1566 singula
1954 1515 2074 1555 iidem

348 1590 542 1628 Ricardus
581 1596 619 1628 et
656 1589 840 1638 Johanna
877 1585 999 1636 parati
1038 1593 1127 1624 sunt
1162 1585 1360 1623 verificare
1394 1593 1509 1634 prout
1545 1585 1674 1633 Curia,
1711 1593 1797 1633 ete,
1834 1594 1871 1624 et
1906 1599 1986 1624 non
2021 1585 2075 1623 in-

347 1661 514 1698 tendunt
535 1659 645 1709 quod
674 1657 870 1696 Dominus
899 1658 985 1694 Rex
1012 1668 1079 1694 eos
1106 1655 1145 1692 in
1173 1655 1248 1693 hoc
1276 1667 1368 1692 casu
1390 1654 1567 1703 impetire
1588 1654 1689 1693 velit.
1751 1656 1801 1693 Et
1835 1656 2074 1693 Edmundus

351 1730 572 1776 Brudenell,
609 1727 676 1777 qui
715 1726 889 1776 sequitur
927 1738 996 1775 pro
1033 1724 1209 1763 Domino
1249 1725 1370 1774 Rege,
1406 1725 1673 1774 protestando,
1710 1724 1805 1763 dicit
1844 1726 1954 1775 quod
1992 1738 2073 1763 non

348 1798 548 1849 cognoscit
576 1799 695 1836 ullam
722 1797 840 1835 talem
865 1795 1026 1833 assisam
1053 1802 1179 1844 prout,
1201 1801 1287 1842 etc,
1317 1807 1389 1832 nec
1419 1793 1581 1843 aliquod
1610 1795 1686 1833 tale
1717 1796 1914 1834 Statuturn
1944 1802 2072 1844 prout,

348 1877 433 1917 etc.,
456 1882 529 1907 nec
545 1869 653 1918 quod
674 1866 861 1917 praedicti
883 1865 1076 1904 Ricardus
1097 1872 1134 1903 et
1154 1865 1349 1914 Johanna,
1368 1872 1405 1902 et
1426 1871 1691 1902 antecessores
1713 1864 1833 1913 ipsius
1853 1864 2072 1913 Johannae,

348 1940 467 1978 seisiti
499 1941 653 1978 suerunt
685 1938 735 1976 de
775 1935 1005 1975 molendino
1046 1942 1084 1973 ct
1124 1934 1272 1984 gurgite
1311 1933 1518 1983 praedictis
1557 1941 1684 1983 prout,
1725 1940 1811 1981 etc.,
1853 1946 1925 1972 nec
1965 1935 2074 1982 quod

348 2022 552 2059 processus
591 2007 812 2058 praedictus
847 2007 971 2043 factus
1005 2005 1144 2043 virtute
1184 2004 1395 2042 litterarum
1438 2003 1601 2041 Domini
1637 2003 1756 2053 Regis
1786 2003 2072 2053 praedictarum

349 2079 522 2118 erronius
560 2077 808 2127 adjudicatus
847 2074 1025 2122 extiterit,
1061 2081 1153 2112 etc:
1193 2073 1287 2112 dicit
1322 2074 1430 2122 quod
1469 2072 1653 2122 antiquus
1692 2086 1827 2111 cursus
1862 2086 1987 2123 aquae
2022 2074 2073 2112 de

348 2151 470 2188 Trent
503 2148 736 2198 praedictae,
773 2154 809 2185 et
849 2145 1018 2183 maxima
1056 2157 1143 2193 pars
1182 2144 1360 2193 ejusdem
1398 2156 1534 2192 aquae,
1570 2144 1728 2181 tenebat
1767 2156 1924 2181 cursum
1958 2156 2073 2181 suum

349 2219 388 2257 in
408 2221 496 2257 loco
517 2219 583 2257 ubi
611 2217 843 2267 supponitur
862 2229 930 2265 per
957 2214 1251 2263 inquisitionem
1279 2213 1530 2263 praedictam,
1554 2220 1640 2260 etc.,
1664 2220 1700 2251 et
1721 2226 1824 2262 aqua
1845 2226 2001 2251 currens
2022 2213 2073 2250 ad

349 2289 621 2328 molendinum
652 2287 940 2337 praedictorum
970 2284 1129 2323 Ricardi
1157 2291 1193 2322 et
1223 2284 1430 2333 Johannae
1460 2296 1539 2321 non
1570 2283 1640 2320 fuit
1670 2282 1743 2320 nisi
1772 2283 1940 2332 parcella
1968 2294 2075 2332 prae-

350 2359 478 2398 dictae
498 2372 622 2408 aquae
644 2360 693 2397 de
714 2359 835 2395 Trent
863 2362 1033 2395 extracta
1054 2368 1122 2404 per
1148 2354 1374 2392 trencheam
1395 2352 1657 2402 praedictam,
1686 2360 1724 2390 et
1745 2353 1853 2401 quod
1874 2351 2074 2402 praedicta

350 2443 452 2479 aqua
483 2431 532 2468 de
564 2431 685 2467 Trent
716 2428 838 2466 modo
870 2439 891 2464 a
923 2425 1123 2475 praedicto
1156 2423 1318 2472 antiquo
1352 2435 1466 2460 cursu
1499 2435 1571 2460 suo
1603 2421 1773 2460 totaliter
1802 2421 2003 2460 divertitur
2034 2421 2073 2459 in

350 2501 575 2538 trencheam
605 2497 856 2548 praedictam,
879 2496 931 2534 ita
952 2495 1060 2545 quod
1088 2495 1193 2532 nulla
1220 2506 1322 2542 aqua
1348 2492 1387 2530 in
1409 2491 1610 2541 praedicto
1631 2491 1794 2540 antiquo
1815 2504 1930 2529 cursu
1951 2492 2073 2529 modo

351 2569 466 2607 currit
475 2584 484 2617 3
515 2577 552 2607 et
573 2568 666 2607 dicit
687 2568 796 2616 quod
823 2578 941 2604 naves
968 2572 1005 2603 et
1032 2563 1164 2602 batelli
1185 2563 1224 2600 in
1253 2562 1454 2612 praedicto
1483 2561 1646 2610 antiquo
1667 2574 1782 2599 cursu
1804 2574 1894 2599 cum
1916 2560 2075 2610 quibus-

352 2652 522 2688 cumque
551 2637 826 2683 mercimoniis,
848 2634 1079 2674 victualibus
1109 2641 1146 2671 et
1176 2632 1441 2679 mercandisis,
1464 2639 1550 2679 etc.,
1574 2631 1626 2669 ire
1653 2638 1691 2670 et
1718 2630 1844 2670 redire
1871 2643 1996 2680 usque
2022 2632 2074 2670 ad

352 2709 482 2746 villam
503 2707 742 2757 praedictam
769 2706 945 2745 solebant
973 2704 1064 2742 totis
1090 2702 1343 2752 temporibus,
1366 2709 1478 2751 prout
1500 2714 1568 2751 per
1594 2700 1949 2750 praesentationem
1969 2714 2075 2750 prae-

353 2777 481 2815 dictae
518 2775 780 2825 inquisitionis
818 2774 1061 2824 supponitur,
1097 2786 1188 2810 cum
1227 2771 1368 2810 minori
1406 2770 1672 2821 profunditate
1711 2783 1836 2820 aquae
1871 2784 1989 2820 quam
2024 2771 2074 2809 de

352 2846 578 2896 hujusmodi
616 2853 772 2884 cretena
810 2857 935 2894 aquae
973 2850 1087 2893 prout
1126 2841 1315 2891 praedicti
1355 2841 1548 2879 Ricardus
1596 2848 1633 2879 et
1676 2841 1860 2890 Johanna
1898 2839 2074 2889 superius

353 2917 519 2966 allegant
528 2930 538 2964 3
568 2915 634 2964 qui
654 2915 816 2964 quidem
845 2913 1028 2962 antiquus
1058 2925 1192 2950 cursus
1222 2912 1343 2950 modo
1372 2910 1541 2949 totaliter
1570 2910 1726 2948 relictus
1755 2917 1831 2948 est:
1863 2917 1900 2948 et
1927 2923 1974 2948 ex
1993 2922 2073 2959 quo

353 2984 541 3034 praedicti
563 2984 755 3022 Ricardus
782 2990 820 3021 et
846 2983 1029 3032 Johanna
1055 2988 1298 3031 cognoscunt
1319 2982 1428 3030 quod
1454 2994 1555 3029 aqua
1581 2979 1782 3029 praedicta
1801 2980 1852 3018 de
1873 2982 1994 3018 Trent
2015 2986 2072 3018 est

354 3067 432 3092 una
461 3067 688 3103 magnarum
715 3052 941 3102 ripariarum
968 3051 1132 3101 Angliae
1153 3064 1254 3100 quae
1283 3064 1353 3100 pro
1382 3050 1560 3100 passagio
1588 3049 1746 3088 navium
1776 3057 1812 3088 et
1839 3050 2073 3088 batellorum

354 3136 445 3161 cum
464 3122 696 3160 victualibus
717 3130 754 3160 et
775 3122 857 3160 aliis
878 3120 1152 3168 mercimoniis,
1171 3133 1424 3170 quocumque
1445 3133 1485 3158 se
1506 3119 1682 3166 divertat,
1705 3133 1772 3168 per
1792 3120 1919 3168 legem
1939 3126 2072 3168 aperta

353 3199 391 3231 et
423 3190 643 3230 communis
670 3203 754 3229 esse
781 3191 910 3238 debet,
933 3197 969 3229 et
998 3203 1076 3228 non
1105 3189 1294 3228 dedicunt
1315 3189 1409 3239 quin
1437 3202 1570 3227 cursus
1597 3201 1722 3238 aquae
1743 3189 1792 3227 de
1820 3190 1942 3227 Trent
1969 3201 2075 3238 prae-

437 3349 447 3363 1
475 3346 505 3377 It
522 3345 588 3378 will
603 3345 645 3377 be
661 3345 792 3377 noticed
809 3345 878 3377 that
896 3345 951 3377 the
968 3345 1037 3376 mill
1053 3345 1118 3377 and
1136 3355 1221 3377 wear
1236 3355 1290 3377 are
1308 3344 1526 3386 occasionally
1542 3343 1683 3375 referred
1701 3348 1735 3375 to
1752 3342 1784 3374 in
1801 3342 1857 3374 the
1873 3342 1992 3386 plural.
