2198 3845
321 415 395 455 142
579 412 798 445 RECORDS
830 411 890 443 oF
923 410 1023 442 THE
1056 409 1291 442 BonouoH
1324 409 1385 440 OF
1419 409 1765 441 No‘rT1NoHAM.
1902 396 2031 453 [1343

312 534 425 583 ham,
468 533 674 574 vicesimo
715 539 871 573 octavo
912 531 982 572 die
1036 529 1301 579 Decembris,
1344 543 1460 569 anno
1507 529 1628 582 regni
1677 528 1812 570 nostri
1861 527 2033 568 decimo

312 608 515 647 octavo.'1
580 608 718 647 Item:
751 606 1071 653 ‘EDWARDUS,
1097 603 1179 643 Dei
1210 603 1372 652 Gratia,
1398 603 1497 643 Rex
1520 602 1712 655 Angliae
1740 608 1783 643 et
1814 601 2034 651 Franciae‚

315 687 358 721 et
401 680 618 720 Dominus
663 678 912 727 Hiberniae,
949 676 1152 717 omnibus
1195 677 1248 716 ad
1287 690 1396 729 quos
1438 682 1687 729 praesentes
1730 675 1898 716 litterae
1940 688 2035 727 per-

310 753 518 802 venerint,
550 752 745 793 salutem.
810 751 933 792 Licet
964 751 1019 791 de
1051 749 1272 790 communi
1304 749 1484 790 consilio
1516 749 1636 802 regni
1671 748 1806 789 nostri
1840 747 2034 800 Angliae

313 832 528 867 statutum
561 826 616 866 sit
639 826 756 878 quod
790 838 876 865 non
906 824 1034 865 liceat
1062 824 1161 864 viris
1192 823 1412 876 religiosis,
1435 836 1510 863 seu
1540 822 1644 871 aliis,
1668 821 1834 874 ingredi
1858 820 2034 861 feodum

314 899 507 952 alicujus,
531 899 592 940 ita
620 899 737 952 quod
771 899 824 939 ad
859 911 1037 938 manum
1071 903 1288 938 mortuam
1321 897 1534 946 deveniat,
1558 897 1650 937 sine
1682 896 1856 936 licentia
1887 901 2036 936 nostra

315 979 357 1013 et
394 973 593 1026 capitalis
631 972 796 1013 domini
838 972 894 1013 de
930 985 1017 1024 quo
1054 985 1119 1012 res
1157 971 1230 1011 illa
1266 971 1519 1011 immediate
1556 976 1754 1020 tenetur;
1791 982 1868 1022 per
1905 967 2034 1009 finem

315 1052 462 1087 tamen
498 1059 628 1098 quem
663 1045 908 1085 willelmus
943 1045 997 1085 de
1031 1044 1213 1097 Amyas,
1244 1045 1297 1085 de
1333 1043 1633 1097 Notyngham,
1663 1043 1763 1083 fecit
1797 1042 2036 1092 nobiscum,

315 1119 609 1160 concessimus
646 1126 688 1160 et
726 1118 945 1159 licentiam
984 1118 1195 1167 dedimus,
1233 1131 1311 1171 pro
1353 1118 1477 1158 nobis
1520 1124 1563 1158 et
1599 1116 1830 1157 heredibus
1868 1115 2036 1164 nostris,

314 1199 528 1245 quantum
562 1192 604 1232 in
637 1192 762 1232 nobis
792 1198 866 1240 est,
900 1191 1041 1231 eidem
1071 1191 1294 1231 'Willelmo
1323 1192 1440 1244 quod
1476 1191 1567 1244 ipse
1596 1191 1788 1244 quinque
1822 1195 2037 1230 marcatas

314 1266 518 1315 redditus,
542 1279 640 1306 cum
664 1265 945 1318 pertinentiis,
970 1265 1011 1304 in
1037 1264 1337 1317 Notyngham‚
1356 1278 1468 1317 quae
1490 1265 1544 1305 de
1567 1264 1690 1305 nobis
1714 1277 1800 1304 non
1824 1269 2036 1312 tenentur,

315 1340 425 1380 sicut
466 1353 542 1392 per
579 1339 904 1392 inquisitionem
943 1352 1018 1391 per
1054 1338 1261 1378 dilectum
1306 1338 1430 1378 nobis
1470 1338 1706 1378 Ricardum
1745 1338 1799 1377 de
1837 1336 2037 1384 Marton'‚

318 1414 599 1454 Escaetorem
637 1418 833 1452 nostrum
872 1412 913 1451 in
953 1411 1246 1453 Comitatibus
1284 1411 1600 1464 &Varr[ewyk'],
1641 1409 1909 1464 Leyc[estr’]‚
1947 1409 2038 1450 No-

315 1487 553 1539 tyngham',
592 1485 830 1539 Derb[iae],
863 1491 905 1525 et
945 1484 1242 1537 Lanc[astre'],
1275 1485 1330 1524 de
1364 1485 1574 1525 mandato
1609 1491 1757 1525 nostro
1792 1483 1963 1532 factam,
1996 1489 2039 1523 et

315 1559 357 1599 in
393 1559 708 1601 Cancellariam
741 1565 934 1598 nostram
969 1564 1246 1606 retornatam,
1280 1564 1345 1598 est
1377 1564 1661 1610 compertum,
1690 1558 1794 1597 dare
1825 1556 1963 1609 possit
1996 1562 2038 1596 et

316 1633 538 1685 assignare
571 1633 743 1673 cuidam
779 1631 1005 1684 capellano
1034 1631 1181 1671 divina
1215 1645 1293 1683 pro
1322 1631 1482 1671 salubri
1515 1637 1631 1671 statu
1665 1630 1798 1683 ipsius
1829 1629 2038 1670 willelmi

316 1714 358 1747 et
401 1707 646 1758 Margeriae
694 1705 844 1745 uxoris
886 1704 978 1757 ejus
1020 1705 1124 1744 dum
1174 1704 1373 1753 vixerint,
1416 1710 1458 1744 et
1507 1704 1736 1744 animabus
1784 1703 2037 1744 eorumdem

316 1779 524 1820 Willelmi
567 1786 609 1819 et
652 1778 894 1831 Margeriae
946 1791 1044 1817 cum
1098 1777 1152 1818 ab
1194 1777 1274 1817 hac
1323 1778 1417 1818 luce
1460 1778 1750 1830 migraverint,
1792 1791 1841 1817 ac
1893 1777 2040 1817 anima

315 1853 539 1906 Johannis,
564 1852 636 1892 filii
667 1852 988 1904 praedictorum
1012 1850 1220 1891 willelmi
1251 1857 1292 1891 et
1324 1851 1577 1903 Margeriae,
1601 1857 1644 1892 et
1667 1850 1896 1891 animabus
1920 1856 2038 1890 ante-

317 1939 535 1966 cessorum
560 1939 746 1974 suorum,
766 1931 808 1965 et
830 1924 1026 1964 omnium
1047 1923 1238 1964 fidelium
1257 1923 1572 1973 defunctorum,
1592 1925 1633 1964 in
1660 1924 1855 1964 Ecclesia
1879 1925 2040 1964 Beatae

319 2000 485 2040 Mariae
514 2000 568 2039 de
599 1998 888 2051 Notyngham
919 1998 1099 2050 singulis
1129 1997 1281 2038 dicbus
1314 1998 1583 2038 celebraturo
1616 1998 1964 2050 imperpetuum;
1997 2003 2040 2037 et

317 2076 459 2116 eidem
483 2075 710 2128 capellano
733 2074 849 2126 quod
880 2073 971 2126 ipse
995 2073 1211 2112 redditum
1243 2072 1513 2125 praedictum
1545 2085 1569 2111 a
1599 2071 1795 2124 praefato
1818 2071 2040 2111 &Villelmo

318 2150 505 2202 recipere
535 2147 672 2201 possit
701 2154 743 2188 et
773 2154 920 2187 tenere
951 2146 1031 2186 sibi
1065 2152 1107 2186 ct
1139 2145 1457 2186 successoribus
1490 2145 1587 2193 suis,
1617 2144 1864 2197 capellanis,
1893 2144 2041 2185 divina

318 2223 359 2263 in
383 2223 565 2263 ecclesia
593 2221 817 2275 praedicta
846 2234 923 2274 pro
946 2220 1105 2260 salubri
1136 2225 1251 2260 statu
1282 2225 1324 2259 et
1347 2218 1575 2259 animabus
1605 2218 1837 2271 praedictis
1860 2218 2040 2271 singulis

317 2297 470 2337 diebus
504 2295 782 2336 celebraturis
818 2294 1150 2347 imperpetuum,
1180 2293 1290 2333 sicut
1324 2292 1595 2345 praedictum
1630 2298 1706 2341 est,
1737 2298 1885 2332 tenore
1919 2304 2040 2344 prae-

317 2371 505 2411 sentium
555 2369 751 2409 similiter
799 2368 1018 2408 licentiam
1067 2367 1267 2407 dedimus
1316 2366 1561 2419 specialem,
1603 2371 1769 2406 statuto
1817 2365 2041 2418 praedicto

318 2457 405 2484 non
440 2443 670 2484 obstante:
714 2441 912 2482 nolentes
946 2441 1063 2494 quod
1099 2441 1213 2481 idem
1251 2439 1508 2489 XVillelmus,
1543 2439 1609 2480 vel
1644 2439 1824 2480 heredes
1858 2439 1933 2488 sui,
1967 2444 2041 2479 aut

318 2516 538 2570 praefatus
585 2516 846 2569 capellanus,
882 2521 956 2555 aut
996 2527 1264 2554 successores
1305 2514 1381 2562 sui,
1417 2514 1583 2554 ratione
1625 2513 1775 2553 statuti
1818 2512 2039 2565 praedicti,

318 2604 394 2643 per
427 2604 516 2639 nos,
546 2589 612 2630 vel
646 2590 826 2629 heredes
860 2594 1042 2636 nostros,
1069 2587 1336 2640 justitiarios,
1366 2593 1618 2636 escaetores,
1649 2586 1935 2635 vicecomites,
1966 2592 2040 2626 aut

318 2663 424 2703 alios
447 2663 629 2704 ballivos
652 2676 727 2702 seu
751 2662 972 2702 ministros
1001 2667 1172 2701 nostros
1195 2673 1494 2714 quoscumque
1517 2660 1859 2709 occasionentur,
1883 2659 2038 2699 moles-

318 2742 464 2776 tentur
505 2736 546 2775 in
590 2735 746 2788 aliquo,
784 2748 858 2775 seu
896 2740 1155 2787 graventur3
1197 2733 1326 2774 salvis
1368 2739 1515 2774 tamen
1558 2733 1816 2787 capitalibus
1853 2733 2041 2774 dominis

319 2809 433 2850 feodi
485 2809 597 2849 illius
638 2808 820 2849 servitiis
862 2808 963 2848 inde
1005 2807 1162 2847 debitis
1205 2813 1247 2847 et
1288 2807 1515 2847 consuetis.
1581 2807 1630 2847 In
1666 2806 1788 2859 cujus
1825 2806 1883 2846 rei
1921 2805 2040 2847 testi-

321 2883 516 2923 monium
551 2882 628 2922 has
663 2882 827 2922 litteras
862 2887 1031 2922 nostras
1066 2879 1154 2920 fieri
1190 2879 1369 2920 fecimus
1403 2885 1613 2932 patentes.
1676 2880 1809 2920 Teste
1843 2893 1912 2919 me
1946 2879 2041 2932 ipso

319 2957 436 3009 apud
472 2954 721 3003 stamford,
744 2954 950 2994 vicesimo
982 2954 1052 2994 die
1085 2952 1358 3001 Novembris,
1382 2965 1498 2992 anno
1530 2952 1649 3005 regni
1682 2952 1817 2992 nostri
1849 2951 2040 3004 Angliae

319 3030 472 3082 quinto
514 3028 695 3076 decimo,
738 3028 857 3080 regni
899 3040 1001 3067 vero
1043 3027 1177 3067 nostri
1221 3026 1430 3066 Franciae
1471 3026 1712 3066 secundo.'2
1792 3026 1956 3068 Omnia
1999 3032 2041 3065 et

320 3102 492 3155 singula
526 3101 785 3154 supradicta,
820 3107 949 3154 prout
986 3100 1264 3141 continentur
1297 3100 1339 3139 in
1375 3099 1493 3149 serie,
1528 3087 1817 3152 acceptantes,
1852 3099 1946 3152 ipsa
1982 3099 2041 3138 sic

319 3175 407 3216 fieri
445 3175 604 3216 debere
640 3181 682 3216 et
719 3188 822 3224 esse,
859 3188 908 3214 ac
951 3174 1273 3226 imperpetuum
1316 3172 1621 3213 inviolabiliter
1657 3172 1886 3221 observari,
1924 3171 2037 3212 ordi-

385 3276 394 3289 ¹
419 3272 604 3304 December
622 3271 672 3310 28,
697 3279 786 3311 1344.
828 3271 936 3302 There
952 3271 978 3302 is
995 3271 1115 3312 clearly
1310 3272 1322 3286 ²
1346 3269 1536 3301 November
1553 3278 1603 3307 20,
1627 3278 1717 3309 1341.

320 3337 339 3358 a
356 3326 496 3358 mistake
512 3326 545 3357 in
563 3326 616 3357 the
633 3326 745 3367 regnal
762 3335 836 3367 year
853 3325 885 3355 in
902 3324 966 3356 this
982 3334 1065 3357 case.
