2198 3845
303 402 385 452 236
567 412 785 445 RECORDS
818 412 879 444 OF
911 412 1011 443 THE
1044 410 1280 443 BOROUGH
1313 410 1374 442 OF
1408 408 1757 442 NOTTINGHAM.
1893 397 2024 451 [1386

302 532 523 574 Galfridus
545 534 779 584 habuisset,
803 542 845 575 et
876 534 1006 574 nichil
1029 534 1191 574 habuit.
1256 534 1381 582 Item,
1404 532 1566 585 recepit
1587 532 1642 572 de
1671 544 1810 571 uxore
1840 530 2022 570 Roberti

303 606 492 657 Sadelen
531 609 586 648 de
618 609 904 661 Notingham,
941 609 1008 648 vd.
1044 621 1122 661 pro
1153 607 1180 660 j.
1219 621 1317 647 cera
1349 613 1392 647 et
1426 606 1557 655 clave,
1595 606 1711 646 unde
1745 605 1886 645 dictus
1922 603 2024 645 Gal-

301 679 435 721 fridus
458 681 527 734 ijd.
553 688 595 722 et
624 682 801 722 obolum
831 683 1065 731 habuisset,
1089 688 1132 722 et
1161 681 1292 721 nichil
1315 681 1477 729 habuit,
1501 694 1580 733 pro
1602 694 1680 720 sua
1702 686 1834 732 parte.
1899 679 2023 727 Item,

300 755 461 808 recepit
493 757 548 796 de
581 756 742 798 Cecilia
774 770 912 796 uxore
943 756 1157 809 Johannis
1190 756 1245 796 de
1278 754 1578 797 Croweshawe
1609 754 1675 794 vd.
1700 767 1778 806 pro
1804 753 1831 805 j.
1856 766 1954 792 cera
1982 758 2025 792 et

299 829 429 879 clave,
453 831 569 871 unde
600 832 742 871 dietus
776 831 997 872 Galfridus
1030 831 1254 871 habuisset
1287 830 1356 883 ijd.
1385 836 1428 871 et
1460 829 1648 870 obolum.
1714 830 1838 877 Item,
1862 827 2025 880 recepit

299 903 354 943 de
390 904 578 945 Ricardo
613 905 792 945 Flecher
824 920 901 959 pro
934 919 1021 946 uno
1042 904 1229 958 platelole
1260 905 1345 953 xd,
1380 905 1496 944 unde
1529 904 1671 944 dictus
1706 902 1927 944 Galfridus
1955 902 2022 942 vd.

299 977 532 1027 habuisset,
570 985 612 1020 et
654 979 785 1019 nichil
828 980 989 1020 habuit.
1056 980 1180 1027 Item,
1223 978 1354 1019 debet
1395 978 1515 1019 dicto
1558 976 1756 1019 Galfrido
1798 976 1872 1029 ijs„
1912 989 2022 1029 quos

299 1052 440 1093 dictus
477 1053 736 1107 [Johannes]
774 1054 964 1107 perdidit
997 1067 1145 1095 versus
1182 1052 1430 1106 Johannem
1471 1051 1703 1104 Skyffelyn
1742 1064 1820 1103 pro
1858 1049 2025 1090 factura

299 1126 425 1166 unius
454 1126 609 1167 clavis1
634 1128 688 1168 ad
719 1127 909 1168 hostium
937 1128 1158 1168 Ecclesiae
1180 1128 1235 1168 de
1259 1126 1523 1175 Brokstowe,
1547 1139 1656 1179 quos
1685 1125 1932 1178 praedictos
1961 1124 2022 1177 ijs.

299 1199 441 1240 dictus
464 1200 686 1242 Galfridus
716 1215 794 1255 pro
823 1216 875 1242 eo
904 1202 1032 1242 solvit
1055 1201 1174 1242 dicto
1202 1201 1393 1254 Johanni
1426 1199 1668 1253 Skyffelyn.
1734 1200 1859 1249 Item,
1882 1199 2024 1240 dictus

297 1274 522 1327 Johannes
546 1275 672 1329 fregit
702 1290 834 1316 unam
866 1276 1118 1316 craticulam
1141 1277 1196 1316 de
1225 1275 1400 1315 Thoma
1429 1274 1746 1327 Glasewryght‚
1770 1273 1895 1327 pretii
1926 1272 2023 1326 vjd.,

299 1428 342 1463 et
383 1436 469 1463 non
512 1423 618 1476 plus.
685 1424 810 1474 Item,
853 1425 1014 1478 recepit
1056 1425 1111 1465 de
1153 1424 1328 1465 Thoma
1371 1423 1639 1464 Passenham
1682 1437 1760 1476 pro
1801 1436 1889 1463 uno
1930 1422 2022 1476 pari

299 1496 531 1537 calcarium
563 1497 680 1551 xijcl„
704 1499 820 1539 unde
842 1499 984 1539 dictus
1015 1497 1237 1540 Galfridus
1266 1498 1350 1551 vjd.
1375 1498 1609 1546 habuisset,
1633 1503 1676 1538 et
1705 1496 1837 1537 nichil
1860 1496 2022 1537 habuit.

298 1571 543 1613 —Summa
565 1572 620 1612 de
654 1579 777 1625 parte
810 1573 1021 1626 praedicti
1057 1572 1239 1614 Galfridi
1270 1587 1345 1622 xs,
1370 1578 1412 1613 et
1441 1572 1571 1612 nichil
1602 1571 1764 1621 habuit,
1788 1577 1853 1612 set
1883 1570 2024 1624 [dicit]

299 1647 417 1698 quod
452 1647 593 1687 dictus
626 1647 851 1699 Johannes
885 1648 1083 1697 detinuit,
1116 1655 1159 1689 et
1194 1648 1336 1688 adhuc
1370 1647 1547 1695 detinet,
1575 1647 1630 1687 ad
1663 1647 1858 1700 dampna
1892 1646 2025 1699 ipsius

301 1719 483 1761 Galfridi
520 1721 631 1773 xiijs.
667 1728 709 1761 et
745 1722 858 1774 iiijd.,
894 1723 1009 1762 unde
1044 1723 1245 1775 producit
1283 1729 1459 1771 sectam,
1495 1728 1571 1762 etc.
1638 1722 1694 1762 Et
1728 1721 1847 1761 venit
1883 1721 2025 1760 dictus

298 1794 533 1847 Johannes,
567 1802 609 1835 et
639 1795 846 1845 defendit,
870 1803 959 1845 etc.‚
984 1803 1027 1837 et
1057 1797 1161 1837 dicit
1184 1797 1301 1849 quod
1331 1797 1368 1836 ei
1399 1796 1530 1836 debet
1559 1796 1614 1836 de
1642 1795 1845 1835 omnibus
1875 1808 2024 1847 supra-

300 1869 426 1909 dictis
459 1870 539 1909 nisi
573 1884 598 1909 v
630 1902 636 1909 .
669 1903 675 1909 .
710 1877 753 1910 et
787 1884 872 1910 non
907 1870 1014 1923 plus,
1038 1877 1080 1911 et
1113 1871 1194 1911 hoc
1225 1871 1349 1924 ponit
1378 1884 1423 1910 se
1452 1883 1581 1923 super
1609 1870 1818 1922 patriam,
1851 1875 1893 1909 et
1917 1868 2025 1909 alius

299 1943 504 1984 similiter.
571 1945 678 1985 Ideo
701 1952 982 1998 praeceptum
1006 1952 1082 1995 est,
1105 1952 1182 1986 etc.
1637 1945 1753 1993 1286,
1777 1957 1832 1984 ro.
1858 1942 1931 1984 for.
1958 1943 2022 1994 3d.

384 2265 813 2307 CXXIX-Action
825 2267 908 2318 for
927 2266 1083 2318 illone-y
1103 2267 1191 2306 lent
1211 2266 1255 2306 in
1277 2266 1403 2306 order
1422 2266 1515 2306 fleat
1536 2265 1602 2306 tlte
1623 2266 1785 2306 Debtor
1804 2264 1942 2319 nglct

790 2339 943 2380 become
963 2354 990 2380 a
1011 2340 1221 2380 Fl'eeman
1243 2341 1297 2392 of
1309 2340 1375 2380 {lle
1404 2340 1544 2380 Town.

915 2432 1079 2482 1385—6,
1106 2431 1327 2484 February
1352 2442 1414 2471 22.

394 2536 529 2589 Hugo
562 2537 767 2589 Drapour
795 2536 988 2590 queritur
1019 2538 1074 2577 de
1105 2538 1329 2578 willelmo
1363 2539 1543 2591 Draper,
1567 2538 1621 2578 de
1655 2536 1949 2590 Pountesreyt,
1972 2537 2027 2578 de

300 2609 461 2662 placito
484 2610 619 2650 debiti
649 2611 704 2650 de
733 2624 784 2650 eo
807 2611 924 2663 quod
955 2611 993 2651 ei
1016 2611 1148 2652 debet
1172 2612 1246 2664 vjs.
1278 2619 1321 2652 et
1349 2612 1477 2665 viijd„
1501 2625 1610 2665 quos
1639 2612 1719 2652 sibi
1742 2611 1958 2665 praestitit
1980 2611 2022 2651 in

301 2683 410 2724 festo
447 2685 738 2733 Pentecostes,
773 2698 889 2724 anno
924 2686 1043 2738 regni
1081 2686 1215 2739 Regis
1252 2687 1427 2727 Ricardi
1467 2687 1657 2728 Secundi
1692 2700 1806 2727 nune
1836 2687 1940 2739 viij0,
1971 2687 2025 2727 ad

299 2756 546 2798 faciendum
580 2759 852 2811 praedictum
887 2759 1158 2800 &Villelmum
1191 2760 1373 2800 liberum
1404 2760 1627 2800 hominem
1658 2761 1699 2800 in
1730 2761 1869 2814 burgo
1897 2760 2026 2801 villae

302 2831 598 2884 Noffingham’,
641 2846 750 2886 quos
792 2833 1039 2885 praedictos
1081 2833 1155 2886 vjs
1190 2834 1305 2887 viijd.
1349 2834 1528 2875 solvisse
1569 2835 1721 2875 debuit
1769 2835 1823 2875 ad
1866 2834 2025 2875 festum

302 2905 556 2946 Nativitatis
581 2907 732 2948 Sancti
754 2908 968 2960 Johannis
993 2908 1219 2960 Baptistae
1241 2914 1345 2948 tunc
1368 2909 1619 2961 proximum
1643 2923 1839 2963 sequens,
1862 2915 1905 2949 et
1927 2908 2027 2949 licet

300 2981 472 3033 saepius
505 2983 736 3035 requisitus
759 2983 900 3023 dietus
931 2982 1179 3023 Vv'illelmus
1208 2983 1245 3023 ei
1275 2983 1441 3024 solvere
1470 2984 1619 3033 noluit,
1643 2991 1708 3024 set
1736 2983 1902 3024 solvere
1924 2996 2026 3023 con-

301 3055 495 3104 tradixit,
533 3062 575 3096 et
619 3056 760 3097 adhuc
802 3056 1072 3106 contradicit,
1109 3057 1163 3097 ad
1202 3058 1396 3110 dampna
1432 3058 1643 3110 praedicti
1683 3057 1887 3110 Hugonis
1924 3056 2025 3105 xld„

303 3130 419 3169 unde
452 3130 652 3182 producit
686 3136 862 3180 sectam,
897 3137 973 3170 etc.
1040 3130 1097 3170 Et
1131 3131 1250 3171 venit
1286 3131 1428 3171 dictus
1457 3131 1714 3180 VVillelmus,
1744 3138 1787 3171 et
1820 3130 2025 3179 defendit,

303 3209 392 3252 eto,
416 3209 458 3243 et
488 3203 593 3244 dicit
615 3204 734 3256 quod
766 3204 897 3243 nichil
931 3204 967 3243 ei
999 3203 1140 3253 debet,
1164 3210 1207 3245 et
1238 3204 1321 3244 hoc
1352 3205 1478 3257 ponit
1509 3218 1555 3245 se
1583 3218 1712 3258 super
1743 3205 1951 3257 patriam3
1983 3209 2026 3244 et

303 3277 411 3318 alius
440 3278 646 3319 similiter.
712 3279 820 3319 Ideo
849 3284 1132 3331 praeceptum
1163 3285 1238 3327 est,
1262 3285 1339 3320 etc.
1405 3279 1463 3320 Et
1492 3285 1646 3332 postea
1670 3279 1885 3332 juratores
1915 3278 2026 3318 inter

964 3370 972 3383 ¹
997 3368 1125 3407 clavc’s,]
1147 3367 1282 3407 ‘clave‚’
1300 3369 1371 3400 MS.
