2198 3845
293 401 344 442 54
554 402 774 436 RECORDS
806 404 866 436 OF
899 405 999 436 THE
1032 405 1267 439 BOROUGH
1300 407 1361 438 OF
1395 407 1742 439 NOTTINGHAM.
1880 395 2012 453 [1279

463 540 929 595 XXV—Agreement
949 543 1126 585 between
1149 545 1216 585 tlte
1235 545 1466 598 Burgesses
1486 546 1540 598 of
1551 545 1838 600 Nottz'nglzam

883 618 977 658 and
992 618 1136 670 Derby
1156 633 1206 658 as
1227 625 1266 659 to
1295 619 1334 659 T
1331 619 1414 660 olls.

987 719 1103 760 1279,
1129 709 1233 762 July
1257 711 1318 750 26.

378 828 390 848 1
409 821 622 862 Noverint
644 821 830 863 universi
860 836 1064 876 praesens
1094 824 1303 877 scriptum
1334 824 1375 864 in
1407 825 1587 865 modum
1611 825 1886 878 chirographi
1910 838 2010 865 con-

290 893 450 935 fectum
480 895 648 948 vis[uri]
679 896 744 936 vel
776 897 963 937 audituri
994 898 1123 950 quod,
1153 912 1251 938 cum
1282 899 1499 951 quaedam
1531 899 1835 940 contentiones
1865 906 2012 940 motae

289 975 433 1009 essent
474 969 585 1010 inter
627 970 872 1023 Burgenses
917 972 1234 1025 Nottingham'‚
1277 987 1333 1013 ex
1369 986 1456 1013 una
1495 980 1629 1026 parte,
1671 980 1714 1014 et
1768 973 2012 1026 Burgenses

291 1043 528 1096 Derbi[ae],
562 1058 618 1084 ex
652 1044 787 1085 altera
816 1052 949 1098 parte,
983 1059 1112 1099 super
1144 1047 1407 1099 quibusdam
1441 1047 1746 1088 exactionibus
1779 1047 1878 1087 hinc
1911 1047 2012 1087 inde

289 1116 422 1165 sactis,
456 1124 546 1158 tam
582 1119 636 1158 dc
678 1119 872 1159 thelonio
904 1134 1035 1172 quam
1075 1121 1129 1160 de
1163 1121 1386 1174 emptione
1428 1121 1624 1162 vivorum
1660 1121 1901 1161 averiorum
1936 1134 2010 1161 seu

288 1191 553 1241 animalium,
590 1200 632 1233 et
666 1193 929 1246 quibusdam
965 1194 1058 1234 aliis
1095 1194 1270 1236 inferius
1305 1195 1590 1248 specificatis:
1632 1196 1823 1244 tandem,
1861 1195 2011 1235 amicis

287 1266 490 1306 omnibus
521 1267 919 1318 intervenientibus,
949 1270 1003 1309 de
1033 1283 1243 1323 expresso
1271 1284 1485 1312 consensu
1516 1271 1741 1324 utriusque
1770 1270 2011 1310 communi-

286 1340 399 1389 tatis,
433 1341 575 1381 dictae
617 1343 920 1383 contentiones
963 1344 1220 1396 quieverunt
1262 1345 1303 1384 in
1346 1345 1460 1386 hunc
1504 1346 1696 1393 modum,
1739 1344 1780 1384 in
1823 1344 2012 1384 crastino

288 1414 437 1455 Sancti
467 1416 620 1468 Jacobi
652 1416 869 1469 Apostoli,
901 1431 1017 1457 anno
1046 1418 1213 1471 gratiae
1244 1419 1475 1460 millesimo
1504 1418 1806 1460 ducentesimo
1837 1424 2011 1471 septua-

285 1488 453 1540 gesimo
472 1503 598 1539 nono,
618 1496 660 1530 et
678 1504 794 1531 anno
817 1491 936 1543 regni
964 1492 1096 1545 Regis
1121 1493 1325 1534 Edwardi
1352 1493 1424 1534 filii
1450 1494 1583 1548 Regis
1610 1493 1788 1534 Henrici
1812 1493 2010 1546 septimo,

287 1563 403 1614 apud
436 1563 701 1615 Sandiacre3
745 1565 956 1614 videlicet,
992 1567 1109 1619 quod
1145 1567 1249 1608 dicti
1286 1569 1541 1622 Burgenses,
1576 1575 1667 1609 tam
1704 1567 2011 1621 Nottingham‘

286 1650 418 1688 quam
451 1638 689 1692 De1·b[iae],
716 1648 1023 1681 concesserunt
1048 1640 1146 1681 hinc
1171 1641 1282 1691 inde,
1301 1656 1379 1696 pro
1401 1657 1446 1683 se
1464 1649 1506 1683 et
1529 1641 1760 1683 heredibus
1783 1648 1826 1682 et
1843 1655 2010 1682 succes-

286 1710 454 1751 soribus
484 1713 570 1753 suis
589 1714 643 1753 dc
674 1714 945 1755 libertatibus
975 1716 1297 1768 praedictorum
1323 1716 1571 1770 burgorum,
1589 1717 1706 1770 quod
1725 1716 2009 1770 qu[icunque]

286 1784 456 1826 illorum
481 1787 717 1840 burgorum
741 1790 1035 1842 quodcunque
1065 1790 1226 1830 animal
1257 1790 1346 1831 sive
1373 1790 1580 1831 animalia
1608 1804 1683 1830 seu
1714 1790 1858 1830 averia
1880 1803 2010 1843 quae-

285 1873 456 1913 cunque
489 1861 598 1903 infra
632 1863 928 1917 [liber]tat[es]
960 1864 1083 1917 burgi
1117 1864 1292 1905 alterius
1325 1865 1488 1915 emerit,
1512 1865 1761 1906 venditores
1794 1864 2009 1905 dictorum

286 1934 539 1976 animalium
573 1950 647 1977 seu
681 1937 922 1978 averiorum
962 1951 1107 1979 coram
1144 1938 1312 1979 ballivis
1345 1939 1488 1980 dictae
1521 1939 1742 1988 libertatis,
1773 1946 2008 1993 antequam

286 2020 383 2048 cum
408 2009 534 2049 dictis
565 2010 825 2051 animalibus
855 2026 929 2052 seu
960 2012 1112 2053 averiis
1142 2014 1327 2053 eandem
1353 2013 1598 2055 libertatem
1622 2020 1764 2063 exeat,
1788 2014 2010 2067 producet,

287 2082 341 2122 ad
364 2082 635 2125 theolonium
660 2099 785 2126 suum
810 2086 921 2136 inde,
945 2087 978 2126 si
1004 2086 1197 2136 voluerit,
1221 2087 1490 2128 solvendum.
1557 2088 1613 2128 Et
1636 2088 1669 2127 si
1701 2087 1760 2128 ita
1783 2087 2010 2140 contingat

286 2158 402 2209 quod
446 2158 600 2212 aliquis
643 2159 893 2213 hujusmodi
936 2161 1212 2201 venditorum
1260 2161 1542 2210 theolonium,
1586 2175 1662 2214 per
1703 2174 2011 2214 quamcunque

286 2231 530 2273 libertatem
575 2248 707 2287 quam
759 2235 1021 2283 clamaverit,
1065 2235 1166 2276 inde
1208 2235 1478 2276 theolonium
1522 2249 1647 2276 suum
1691 2235 1858 2276 solvere
1909 2249 2009 2276 con-

287 2307 523 2359 tempserit,
560 2307 685 2349 liceat
721 2309 847 2350 dictis
885 2309 1009 2362 burgi
1048 2309 1318 2362 emptoribus
1356 2309 1607 2363 hujusmodi
1644 2309 1900 2351 animalium
1935 2324 2009 2351 seu

287 2380 527 2421 averiorum
559 2383 827 2435 emptionem
859 2397 982 2423 suam
1014 2383 1114 2423 inde
1143 2384 1355 2433 omittere,
1378 2384 1411 2423 si
1442 2383 1667 2433 voluerint,
1697 2390 1773 2424 aut
1801 2384 2010 2437 optinere,

286 2459 351 2494 set
384 2455 500 2506 quod
534 2455 706 2497 solvant
738 2456 1009 2497 theolonium
1044 2471 1122 2510 pro
1155 2471 1233 2497 suo
1265 2458 1501 2508 venditore,
1534 2458 1567 2497 si
1601 2457 1826 2506 voluerint,
1856 2465 1899 2500 et
1928 2458 2008 2499 sibi

287 2527 473 2569 viderint
516 2530 752 2583 expedire;
795 2537 837 2571 et
889 2537 1053 2583 postea,
1096 2545 1194 2571 cum
1240 2533 1470 2573 transitum
1515 2532 1693 2573 fecerint
1741 2545 1839 2572 cum
1882 2532 2009 2573 dictis

286 2603 547 2644 animalibus
571 2618 644 2645 seu
675 2605 827 2645 averiis
851 2619 927 2658 per
950 2606 1153 2646 custodes
1178 2606 1343 2646 viarum
1367 2606 1438 2659 qui
1469 2613 1680 2647 vocantur
1703 2609 1711 2625 ‘
1726 2606 2008 2659 Gategeters,’

286 2684 360 2718 aut
383 2691 459 2730 per
488 2678 594 2718 alios
625 2679 678 2719 de
708 2679 907 2719 libertate
937 2679 1061 2732 burgi
1092 2679 1164 2719 ubi
1195 2680 1361 2732 emptio
1384 2679 1499 2720 facta
1528 2679 1608 2720 fuit
1631 2679 1703 2732 qui
1733 2679 1859 2732 signa
1886 2680 2008 2721 theo-

287 2750 389 2791 lonii
424 2766 502 2805 pro
536 2752 662 2793 dictis
700 2752 961 2793 animalibus
996 2766 1070 2793 seu
1108 2752 1299 2806 aver[i]is
1337 2753 1392 2793 ab
1429 2753 1489 2793 eis
1531 2752 1727 2806 exigunt,
1764 2753 1898 2806 quieti
1933 2768 2009 2807 per

287 2823 417 2864 fidem
451 2839 586 2874 suam,
620 2826 793 2875 scilicet,
816 2827 934 2879 quod
967 2832 1181 2868 steterunt
1215 2840 1361 2867 coram
1399 2826 1568 2867 ballivis
1606 2827 1739 2866 modo
1772 2827 2007 2880 praedicto,

286 2905 519 2940 transeant.
587 2900 643 2941 Et
665 2900 698 2940 si
722 2900 825 2940 dicti
849 2907 1069 2954 emptores
1098 2915 1227 2954 super
1255 2901 1337 2941 hoc
1366 2915 1442 2954 per
1464 2914 1764 2954 quoscumque
1786 2901 1841 2941 de
1869 2901 2007 2955 burgo

287 2973 511 3025 praedicto
534 2974 732 3027 impediti
755 2973 914 3015 fuerint
945 3007 951 3013 .
986 3008 992 3014 .
1026 3008 1032 3014 .
1067 3008 1073 3014 .
1109 2975 1200 3028 [de]
1224 2975 1359 3015 libero
1381 2974 1565 3015 transitu
1588 2988 1677 3024 suo,
1701 2980 1775 3014 aut
1798 2975 2008 3024 arestati,2

287 3053 329 3087 et
362 3047 443 3087 hoc
482 3047 666 3088 fideliter
699 3050 896 3090 convinci
930 3049 1100 3102 poterit,
1138 3055 1241 3089 tunc
1275 3049 1355 3102 ipsi
1394 3049 1675 3102 impeditores
1712 3049 1767 3089 de
1803 3048 2007 3101 dampnis

286 3120 384 3170 suis,
408 3134 519 3174 quae
542 3122 770 3163 occasione
799 3123 927 3176 hujus
957 3123 1254 3176 impeditionis
1283 3128 1326 3163 et
1349 3123 1622 3164 arestationis
1652 3122 1907 3173 habuerunt,
1931 3136 2007 3176 per

287 3194 426 3234 visum
462 3194 649 3235 virorum
687 3195 1007 3249 fidedignorum
1044 3196 1267 3249 utriusque
1301 3196 1428 3237 villae
1464 3196 1743 3238 satisfaciant.
1807 3197 1854 3239 Si
1889 3197 2004 3238 enim

286 3268 515 3321 contingat
562 3270 679 3322 quod
732 3270 886 3323 aliquis
933 3270 1254 3323 praedictorum
1306 3271 1599 3324 burgensium,
1640 3272 1695 3312 de
1746 3284 2006 3324 quocunque

349 3362 357 3375 ¹
386 3359 483 3389 from
502 3358 656 3390 (ji-eaves'
673 3369 799 3400 papers,
1282 3363 1292 3376 ²
1316 3360 1499 3399 1127·eslatt',]
1519 3359 1718 3398 ‘ai-testata,’
1735 3360 1808 3391 MS.
