2198 3845
312 388 392 429 332
575 388 795 420 RECORDS
827 387 888 419 OF
920 386 1020 418 THE
1053 386 1289 419 BOROUGH
1321 386 1382 418 OF
1416 385 1763 418 NOTTINGHAM.
1898 374 2029 430 [1396

311 508 442 548 nichil
471 508 509 549 ei
538 509 669 550 debet
696 515 825 562 prout
855 509 946 562 ipse
974 508 1170 561 superius
1192 521 1339 549 versus
1368 521 1467 548 eum
1497 508 1697 557 narravit,
1720 514 1763 548 et
1792 507 1874 547 hoc
1906 508 2030 560 ponit

310 595 356 621 se
377 595 506 635 super
526 583 735 636 patriam;
767 589 810 624 et
832 583 941 623 alius
963 582 1168 623 similiter.
1233 582 1292 622 Et
1314 582 1447 622 modo
1464 582 1582 622 venit
1604 581 1745 622 dictus
1770 581 2031 634 Ranulphus

310 655 351 695 in
390 657 565 709 propria
600 670 786 709 persona
821 670 910 706 sua,
947 663 990 697 et
1026 656 1232 708 cognovit
1268 655 1465 696 debitum
1503 655 1796 708 praedictum:
1836 654 2032 707 dampna

309 735 521 770 taxantur
543 730 634 783 [ad]
658 730 759 783 iiijd.
824 730 932 770 Ideo
965 729 1288 770 consideratum
1326 735 1391 770 est
1427 743 1503 782 per
1541 729 1716 771 Curiam
1754 728 1872 781 quod
1914 728 2029 768 idem

312 804 510 857 Rogerus
532 810 755 857 recuperet
777 804 832 844 de
853 804 972 844 dicto
1003 803 1239 856 Ranulpho
1267 803 1513 856 praedictos
1536 802 1640 855 iiijs„
1663 808 1705 843 et
1727 815 1806 855 pro
1827 801 2031 855 dampnis

309 877 433 930 iiijd.;
465 884 508 918 et
530 878 672 918 dictus
697 877 957 930 Ranulphus
980 877 1022 916 in
1047 876 1341 917 misericordia
1364 890 1439 930 per
1460 876 1653 929 plegium
1677 875 1960 929 praedictum.

1647 950 1762 999 1296,
1786 963 1841 988 ro.
1866 948 1938 988 for.
1965 950 2029 999 3d.

495 1198 1041 1248 CLXVI.—;lccomclf0r
1060 1197 1243 1248 lx’epairs
1263 1203 1310 1235 al
1331 1196 1396 1235 [lle
1422 1196 1619 1237 Commcm
1654 1195 1665 1234 l
1675 1195 1767 1241 Vell,
1789 1201 1855 1234 clf.

940 1288 1054 1338 1396,
1081 1286 1325 1326 December
1355 1296 1410 1336 13.

396 1395 642 1435 NVillelmus
673 1395 834 1447 Dynet,
857 1407 1053 1446 querens,
1076 1393 1236 1446 optulit
1265 1406 1310 1433 se
1339 1405 1485 1433 versus
1518 1392 1759 1432 Robertum
1783 1392 1837 1432 de
1868 1391 2028 1432 Sutton

310 1470 350 1509 in
387 1469 549 1522 placito
578 1468 724 1517 debiti,
754 1468 826 1521 qui
862 1467 1017 1508 ultimo
1050 1467 1389 1507 continuabatur
1418 1480 1493 1520 per
1526 1479 1775 1518 processum
1806 1477 1943 1518 usque
1974 1465 2028 1505 ad

309 1543 423 1583 hunc
453 1543 590 1593 diem;
622 1549 664 1583 et
694 1542 827 1582 modo
855 1541 973 1582 venit
1001 1541 1143 1582 dictus
1172 1541 1419 1581 XVillelmus
1451 1541 1493 1580 in
1523 1540 1698 1593 propria
1726 1552 1913 1593 persona
1940 1552 2028 1588 sua,

309 1624 351 1658 et
374 1618 479 1658 dicit
501 1617 617 1670 quod
642 1617 757 1657 idem
784 1615 1002 1656 Robertus
1031 1615 1068 1655 ei
1091 1615 1222 1656 debet
1244 1614 1333 1668 vijs.
1358 1614 1470 1667 vijd„
1493 1614 1704 1663 videlicet,
1728 1627 1806 1666 pro
1828 1612 2030 1666 ij.p05tus

309 1693 363 1732 ad
404 1692 590 1732 Fontem
629 1692 933 1739 Communem,
967 1690 1086 1739 xxd„
1120 1696 1162 1730 et
1197 1688 1312 1742 [pro]
1349 1702 1437 1729 uno
1471 1688 1627 1729 axiltre
1662 1688 1717 1728 ad
1759 1687 2028 1740 praedictam

309 1765 488 1815 fontem,
512 1765 630 1818 xijd„
653 1778 732 1818 pro
760 1764 827 1817 vij.
853 1763 1003 1813 bordis,
1028 1764 1148 1812 xxd„
1172 1764 1288 1811 item,
1318 1763 1356 1815 ij.
1388 1762 1567 1802 carectis
1597 1761 1736 1814 plenis
1765 1760 1922 1814 lapidis
1951 1772 2030 1813 pro

298 1847 484 1892 pazyng,
521 1839 639 1892 xijd.‚
677 1852 755 1892 pro
789 1837 983 1890 spykyng,
1017 1837 1088 1890 jd.,
1125 1838 1240 1886 item,
1275 1837 1440 1877 solutos
1480 1836 1655 1888 Rogero
1688 1835 1743 1876 de
1781 1835 2030 1886 Launkton,

309 1913 427 1965 xijd„
451 1913 567 1962 item,
590 1926 669 1965 pro
703 1925 889 1965 persona
926 1911 1149 1952 Ecclesiae
1182 1912 1237 1951 de
1270 1910 1491 1959 XVolatom
1521 1910 1633 1963 vijd.‚
1656 1910 1772 1959 item,
1795 1923 1873 1963 pro
1896 1917 2035 1963 pepur

308 1987 430 2040 vijd.:
468 1987 655 2029 Summa
687 1986 778 2040 vijs.
803 1986 915 2039 vijd.,
950 1999 1059 2038 quos
1093 1984 1293 2025 solvisset
1327 1985 1381 2024 ad
1416 1983 1574 2024 festum
1614 1983 1764 2025 Sancti
1803 1983 2030 2024 Michaelis

308 2060 589 2114 Archangeli,
619 2073 735 2102 anno
768 2060 888 2114 regni
925 2059 1059 2112 Regis
1093 2059 1268 2099 Ricardi
1304 2058 1494 2100 Secundi
1529 2066 1626 2106 xx0,
1650 2064 1692 2099 et
1727 2058 1825 2098 licet
1858 2058 2030 2111 saepius

309 2135 425 2176 idem
470 2135 690 2176 Robertus
732 2148 808 2188 per
849 2133 1121 2187 praedictum
1170 2132 1440 2173 &Villelmum
1490 2131 1720 2185 requisitus
1762 2131 1913 2173 fuisset
1952 2145 2031 2185 pro

309 2209 534 2262 praedicto
575 2215 768 2262 argento,
806 2208 922 2249 idem
968 2207 1186 2248 Robertus
1228 2207 1265 2247 ei
1307 2207 1447 2247 dictos
1484 2206 1685 2247 denarios
1726 2206 1893 2247 solvere
1928 2220 2029 2247 con-

309 2284 503 2333 tradixit,
526 2290 569 2324 et
599 2283 741 2324 adhuc
771 2281 1041 2331 contradicit,
1071 2281 1187 2322 unde
1220 2280 1335 2322 idem
1368 2280 1615 2321 W'illelmus
1647 2280 1933 2321 deterioratus
1965 2287 2030 2322 est

309 2364 352 2398 et
369 2358 565 2410 dampna
586 2357 719 2398 habet
741 2357 795 2397 ad
819 2355 1055 2397 valentiam
1079 2354 1286 2395 dimidiae
1309 2367 1490 2404 marcae,
1509 2354 1610 2394 inde
1631 2353 1833 2407 producit
1854 2360 2030 2404 sectam,

309 2438 386 2471 etc.
452 2431 510 2472 Et
534 2430 782 2484 praedictus
808 2429 1027 2470 Robertus
1050 2428 1092 2468 in
1116 2428 1290 2481 propria
1312 2441 1498 2481 persona
1519 2441 1597 2468 sua
1619 2428 1747 2477 venit,
1771 2434 1813 2468 et
1835 2427 2031 2469 defendit

310 2506 396 2546 vim
432 2511 475 2546 et
508 2505 722 2558 injuriam,
751 2511 841 2553 etc.,
872 2510 914 2544 et
948 2503 1052 2544 dicit
1084 2502 1202 2556 quod
1234 2503 1326 2555 ipse
1355 2502 1521 2542 nullum
1555 2502 1780 2542 denarium
1818 2502 1855 2542 ei
1887 2501 2028 2551 debet,

310 2585 499 2632 excepto
531 2593 609 2632 pro
631 2586 782 2632 pypere
804 2577 915 2631 vijcl„
939 2583 992 2626 et,
1015 2577 1070 2617 de
1098 2576 1281 2626 residuo,
1303 2575 1408 2616 dicit
1440 2575 1557 2629 quod
1590 2575 1720 2615 nichil
1753 2575 1790 2616 ei
1822 2575 1963 2625 debet,
1986 2581 2029 2616 et

310 2653 392 2694 hoc
433 2653 543 2706 petit
583 2653 701 2706 quod
744 2652 993 2705 inquiratur.
1078 2650 1135 2690 Et
1183 2650 1430 2702 praedictus
1477 2648 1723 2689 &Villelmus
1771 2649 1813 2688 in
1856 2648 2031 2702 propria

310 2741 499 2781 persona
530 2741 607 2767 sua
629 2726 734 2767 dicit
757 2726 875 2779 quod
908 2725 1023 2765 idem
1059 2724 1277 2764 Robertus
1309 2723 1346 2763 ei
1369 2723 1499 2764 debet
1528 2722 1774 2775 praedictos
1803 2721 1893 2775 vijs.
1917 2721 2029 2775 vijd.,

311 2808 439 2855 prout
462 2802 554 2854 ipse
576 2801 771 2854 superius
794 2813 941 2841 versus
963 2812 1062 2839 eum
1087 2797 1286 2847 narravit,
1304 2804 1347 2838 et
1369 2797 1450 2837 hoc
1474 2797 1582 2849 petit
1601 2795 1828 2846 verifica1·i;
1858 2802 1901 2836 et
1922 2796 2030 2836 alius

312 2876 516 2915 similiter.
581 2875 688 2915 Ideo
710 2880 991 2926 praeceptum
1014 2879 1089 2920 est,
1113 2878 1189 2912 etc.
1743 2871 1859 2920 1296,
1883 2884 1938 2909 ro.
1962 2870 2028 2910 6d.

1010 3074 1255 3115 December
1279 3085 1340 3125 27.

399 3168 552 3220 Jurata
603 3167 713 3206 inter
763 3164 1033 3205 XVillelmum
1087 3164 1248 3216 Dynet,
1291 3169 1555 3216 querentem,
1598 3170 1641 3203 et
1693 3163 1934 3203 Robertum
1977 3163 2032 3202 de

317 3243 490 3291 Sutton,
523 3240 843 3288 defendentem,
876 3245 925 3279 ut
955 3244 1078 3291 patet
1113 3238 1155 3277 in
1192 3237 1271 3290 vth
1304 3238 1478 3287 Rotulo,
1511 3238 1627 3278 unde
1663 3237 1885 3290 inquisitio
1921 3237 2033 3278 inter

315 3328 388 3355 eos
426 3314 694 3354 summunita
730 3320 795 3353 est
832 3313 886 3353 ad
924 3312 1038 3352 hunc
1075 3311 1202 3360 diem,
1240 3318 1282 3352 et
1320 3312 1452 3352 modo
1489 3318 1633 3364 partes
1669 3311 1917 3364 praedictae
1957 3323 2033 3364 per
