2198 3845
323 420 378 460 42
591 421 812 455 RECORDS
844 423 904 455 OF
937 423 1037 454 THE
1069 423 1305 456 BOROUGH
1337 423 1398 456 OF
1432 423 1779 456 NOTTINGHAM.
1915 412 2042 467 [1255

324 540 596 592 pertinentiis
634 549 676 583 et
714 543 921 584 aedificiis
954 544 1116 585 ibidem
1150 545 1419 595 constructis,
1452 559 1564 598 quae
1597 546 1745 599 jacent
1777 546 1832 586 ad
1864 546 2044 586 ductum

326 613 644 668 Nottingham,'
667 617 778 657 inter
801 618 1095 671 messuagium
1124 632 1269 658 meum
1292 632 1440 659 versus
1466 619 1655 668 boream,
1678 625 1721 659 et
1751 619 2045 671 messuagium

324 687 550 729 Benedicti
584 690 786 730 Merscer'
816 705 964 731 versus
999 698 1206 740 austrum,
1237 698 1279 732 et
1305 692 1501 732 continet
1535 692 1576 732 in
1612 705 1658 732 se
1691 692 1967 733 latitudinem
2002 692 2045 732 in

322 759 463 801 fronte
493 762 549 802 xl.
581 764 755 815 pedum,
786 770 828 804 et
861 765 1138 805 latitudinem
1173 765 1214 805 in
1249 764 1334 806 fine
1366 766 1509 806 curiae
1543 768 1594 817 38
1626 766 1800 818 pedum,
1833 773 1876 807 et
1908 766 2045 819 longi-

320 834 518 875 tudinem
549 850 574 876 a
602 837 672 877 via
701 851 838 890 usque
870 838 1056 879 croftum
1089 853 1262 880 meum:
1294 839 1485 880 tenenda
1513 845 1556 880 et
1585 839 1788 880 habenda
1816 840 1871 880 de
1900 854 1970 880 me
2003 847 2046 881 et

319 907 551 949 heredibus
576 910 683 950 meis
718 911 860 952 eidem
893 912 1089 953 Roberto
1121 919 1163 953 et
1197 912 1429 953 heredibus
1463 913 1561 962 suis,
1591 913 1658 953 vel
1692 913 1779 953 suis
1814 914 2045 967 assignatis

320 988 362 1022 et
399 996 548 1024 eorum
587 984 828 1034 heredibus,
868 985 1010 1035 libere,
1048 986 1226 1039 integre,
1264 994 1307 1028 et
1343 985 1532 1040 pacifice,
1570 986 1919 1039 imperpetuum:
1952 988 2045 1028 red-

318 1057 465 1098 dendo
495 1058 596 1098 inde
626 1059 852 1100 annuatim
883 1059 1106 1113 Hospitali
1138 1060 1288 1102 Sancti
1317 1060 1532 1113 Johannis
1555 1060 1609 1100 de
1633 1059 1938 1113 Nottingham,
1964 1061 2044 1112 9d.,

318 1129 480 1172 scilicet
507 1132 575 1183 4d.
604 1138 646 1173 et
675 1132 741 1173 ob.
773 1133 827 1173 ad
859 1132 1017 1174 festum
1044 1134 1315 1175 Inventionis
1340 1134 1530 1176 Sanctae
1560 1133 1721 1183 Crucis,
1744 1140 1787 1174 et
1815 1134 1882 1185 4d.
1908 1141 1950 1174 et
1976 1135 2042 1175 ob.

318 1204 372 1243 ad
411 1203 568 1245 festum
606 1206 757 1248 Sancti
795 1207 986 1256 Martini,
1019 1214 1062 1248 et
1092 1207 1197 1247 mihi
1229 1214 1272 1248 et
1304 1207 1535 1248 heredibus
1569 1208 1675 1248 meis
1707 1221 1842 1248 unum
1872 1207 2043 1249 clavum

317 1277 500 1330 gariofili
524 1279 578 1319 ad
604 1280 780 1330 Pascha,
805 1294 884 1334 pro
906 1281 1025 1321 omni
1050 1281 1225 1322 servitio
1247 1281 1468 1329 saeculari,
1491 1281 1724 1322 exactione
1747 1288 1789 1322 et
1812 1281 2042 1323 demanda.

319 1352 377 1392 Et
400 1365 483 1405 ego
505 1366 607 1393 vero
632 1354 902 1408 Radulphus‚
925 1362 1004 1403 cla,
1027 1369 1121 1396 cum
1143 1355 1287 1396 clausa
1311 1362 1516 1395 warram.

406 1426 461 1466 II.
498 1427 650 1469 Sciant
679 1436 931 1481 praesentes
961 1436 1003 1469 et
1033 1429 1163 1469 futuri
1191 1429 1308 1482 quod
1340 1442 1423 1481 ego
1455 1428 1653 1477 Matilda,
1677 1429 1900 1482 quondam
1931 1443 2045 1470 uxor

316 1500 525 1540 willelmi
549 1500 588 1541 le
613 1501 850 1543 Challuner
872 1504 926 1543 de
951 1503 1258 1556 Nofflngham,
1278 1502 1320 1542 in
1345 1502 1480 1542 libera
1502 1509 1545 1542 et
1567 1515 1676 1555 pura
1697 1503 1911 1544 viduitate
1934 1517 2043 1554 mea,

316 1573 489 1614 divinae
530 1574 753 1616 charitatis
796 1576 966 1626 intuitu,
1009 1591 1088 1630 pro
1130 1576 1270 1617 salute
1312 1576 1484 1617 animae
1526 1589 1659 1625 meae,
1702 1582 1745 1617 et
1782 1591 1860 1630 pro
1897 1578 2044 1619 anima

316 1647 524 1688 willelmi
548 1650 772 1701 quondam
797 1651 873 1690 viri
898 1651 993 1700 mei,
1017 1658 1059 1691 et
1082 1664 1161 1704 pro
1188 1651 1419 1691 animabus
1446 1656 1772 1691 antecessorum
1802 1658 1845 1692 et
1874 1665 2041 1693 succes-

315 1734 460 1761 sorum
486 1735 693 1771 meorum,
718 1724 922 1773 concessi,
946 1725 1058 1774 dedi,
1082 1731 1125 1766 et
1147 1724 1228 1765 hac
1251 1725 1469 1778 praesenti
1493 1724 1643 1764 charta
1662 1738 1759 1764 mea
1776 1724 2041 1775 confirmavi,

317 1795 414 1836 Deo
436 1803 479 1836 et
503 1796 667 1837 Domui
692 1797 814 1838 Beati
838 1798 1052 1850 Johannis
1081 1799 1307 1852 Baptistae
1330 1799 1385 1839 de
1413 1798 1720 1851 Nottingham,
1743 1805 1786 1839 et
1818 1799 2041 1841 Fratribus

314 1869 476 1910 ibidem
512 1870 609 1910 Deo
641 1871 938 1922 servientibus,
972 1873 1199 1913 annuatim
1230 1873 1450 1913 redditum
1485 1883 1507 1912 2
1541 1873 1818 1913 denariorum
1848 1874 1903 1914 de
1934 1887 2040 1927 quo-

313 1943 415 1984 dam
449 1943 560 1985 tofto
593 1944 634 1985 in
670 1946 975 1999 Nofflngham,
1007 1947 1048 1986 in
1084 1947 1196 1987 Vico
1232 1946 1514 2000 Figulorum;
1546 1947 1601 1986 de
1632 1946 1745 1987 tofto
1777 1948 1894 2000 quod
1923 1947 2041 2000 jacet

314 2018 424 2058 inter
446 2017 606 2058 toftum
633 2019 813 2060 Roberti
840 2020 993 2073 Figuli,
1018 2027 1060 2061 et
1083 2020 1243 2061 toftum
1270 2020 1431 2073 Rogeri
1457 2020 1609 2073 Figuli,
1633 2021 1857 2074 quondam
1889 2021 2039 2075 recipi-

312 2091 525 2131 endorum
549 2092 604 2132 ad
630 2093 918 2134 Nativitatem
944 2094 1095 2136 Sancti
1124 2095 1338 2147 Johannis
1364 2094 1599 2147 Baptistae,
1624 2095 1665 2134 in
1696 2108 1849 2148 puram
1873 2102 1916 2136 et
1945 2110 2039 2149 per-

312 2171 490 2218 petuam
521 2165 821 2219 elemosynam
852 2168 1186 2221 imperpetuum.
1251 2169 1310 2209 Et
1339 2182 1422 2222 ego
1450 2182 1553 2209 vero
1581 2168 1699 2209 dicta
1731 2168 1930 2219 Matilda,
1959 2176 2038 2219 etc„

310 2252 403 2278 cum
425 2239 569 2279 clausa
592 2247 797 2281 wamma.

399 2313 481 2353 ΙΙΙ.
517 2313 646 2366 [after
688 2315 825 2368 1242]
860 2316 1079 2357 Omnibus
1123 2315 1284 2358 Christi
1327 2314 1527 2356 fidelibus
1575 2315 1630 2356 ad
1673 2329 1782 2369 quos
1831 2330 2036 2369 praesens

310 2387 518 2440 scriptum
557 2389 812 2440 pervenerit,
852 2390 1021 2439 Seeilia,
1059 2390 1283 2443 quondam
1325 2403 1439 2430 uxor
1477 2389 1657 2429 Domini
1694 2389 1941 2431 Alexandri
1983 2391 2038 2431 de

310 2461 499 2510 Villers,1
535 2461 723 2502 salutem
762 2463 803 2503 in
844 2463 1048 2504 Domino.
1112 2463 1333 2504 Noveritis
1368 2476 1438 2503 me
1472 2462 1513 2502 in
1549 2476 1658 2515 pura
1693 2463 1905 2504 viduitate
1939 2478 2038 2505 mea

309 2535 575 2576 concessisse
598 2542 641 2576 et
664 2536 837 2577 dedisse
867 2537 1032 2577 Domui
1064 2536 1215 2580 Sancti
1244 2536 1459 2589 Johannis
1490 2536 1715 2589 Baptistae
1744 2537 1798 2577 de
1829 2537 2036 2591 Notting-

309 2609 423 2658 ham,
452 2616 495 2650 et
526 2610 751 2650 Fratribus
779 2611 940 2651 ibidem
977 2612 1075 2652 Deo
1107 2610 1405 2659 servientibus,
1436 2609 1532 2662 [pro
1564 2609 1812 2663 animabus]
1842 2617 2036 2652 anteces-

308 2697 454 2723 sorum
479 2690 521 2724 et
543 2697 841 2725 successorum
866 2699 1074 2734 meorum,
1093 2698 1287 2725 annuum
1311 2684 1529 2724 redditum
1552 2684 1636 2736 vjd.
1660 2684 1715 2724 de
1737 2690 1851 2725 terra
1873 2699 1971 2726 mea
1993 2686 2034 2726 in

310 2757 546 2810 Barregate
580 2758 621 2797 in
657 2758 759 2798 villa
792 2759 847 2799 de
882 2758 1189 2812 Nottingham,
1219 2759 1261 2798 in
1291 2771 1445 2811 puram
1480 2764 1523 2798 et
1557 2764 1813 2810 perpetuam
1848 2757 2035 2799 elimosi-

309 2844 422 2880 nam,
447 2831 795 2884 recipiendorum
820 2833 875 2873 ad
905 2833 1211 2873 Inventionem
1236 2832 1426 2874 Sanctae
1450 2831 1599 2873 Crucis
1622 2832 1848 2872 annuatim
1876 2833 2032 2886 imper—

308 2910 489 2957 petuum
514 2905 568 2945 de
591 2906 842 2947 tenentibus
865 2907 984 2947 illam
1008 2913 1178 2947 terram.
1243 2907 1294 2946 In
1318 2906 1439 2959 cujus
1462 2905 1521 2945 rei
1544 2905 1855 2955 testimonium,
1877 2913 1943 2947 etc.

396 2978 472 3019 IV.
510 2978 738 3020 Universis
774 2980 965 3022 Sanctae
1008 2981 1163 3022 Matris
1203 2980 1426 3021 Ecclesiae
1460 2978 1556 3020 filiis
1593 2980 1647 3019 ad
1682 2993 1791 3032 quos
1827 2993 2032 3033 praesens

306 3051 516 3105 seriptum
554 3053 809 3106 pervenerit,
843 3054 1091 3095 W*illelxnus
1124 3054 1236 3095 filius
1271 3053 1466 3095 Gervasii
1496 3052 1535 3093 le
1570 3053 1744 3102 Corner,
1773 3053 1958 3094 salutem
1988 3053 2030 3094 in

308 3125 512 3166 Domino.
579 3126 763 3168 Noverit
785 3127 1044 3169 universitas
1069 3135 1213 3169 vestra
1240 3141 1320 3177 me,
1342 3127 1515 3167 divinae
1543 3126 1766 3167 charitatis
1795 3127 1965 3176 intuitu,
1988 3133 2031 3167 et

371 3251 379 3264 ¹
406 3248 555 3287 Nichols,
582 3250 833 3287 chz-esterslm—e,
858 3251 900 3282 iii.
926 3251 996 3291 189,
1027 3259 1096 3293 195,
1240 3250 1321 3287 111.‚
1341 3261 1383 3281 m.
1405 3249 1457 3281 6d.
1479 3249 1548 3281 that
1572 3249 1614 3281 he
1630 3249 1706 3281 died
1730 3249 1840 3280 before
1864 3249 1955 3290 Sept.
1980 3257 2027 3288 10,

305 3310 376 3341 says
400 3302 494 3333 Alex.
515 3301 556 3332 de
579 3301 698 3333 Villers
722 3302 797 3334 died
822 3303 854 3334 in
883 3311 973 3344 1245,
992 3305 1050 3335 but
1075 3304 1098 3335 it
1238 3314 1328 3345 1242.

305 3365 442 3396 appears
474 3355 556 3386 from
589 3356 644 3387 the
673 3357 771 3388 Close
803 3357 907 3395 Rolls,
941 3367 978 3397 19
1006 3358 1094 3390 Hen.
