2198 3845
274 426 357 467 294
537 423 756 455 RECORDS
788 423 849 455 OF
881 423 981 454 THE
1012 421 1249 454 BOROUGH
1281 420 1341 452 OF
1375 419 1723 452 NOTTINGHAM.
1857 409 1988 463 [1396

275 547 383 596 Fox,
426 547 626 600 drapour,
668 545 770 599 quia
811 544 1058 598 praedictus
1100 542 1296 583 Thomas
1338 542 1479 595 primo
1521 540 1723 582 tractavit
1766 540 1996 581 dolabrum

273 633 399 660 suum
434 620 726 673 evaginatum,
760 625 802 659 et
834 623 987 671 postea
1019 617 1193 657 recessit
1226 616 1266 656 in
1302 616 1484 656 domum
1519 629 1642 655 suam
1677 615 1921 668 propriam1
1954 621 1998 655 et

273 694 389 747 cepit
421 707 556 734 unum
588 693 791 734 baculum
826 692 867 732 in
898 705 1029 731 manu
1053 704 1131 731 sua
1153 704 1256 743 erga
1283 690 1531 743 Johannem
1566 689 1823 743 Hodynges,
1846 695 1999 729 contra

274 782 428 821 pacem
463 767 642 808 Domini
678 767 822 819 Regis,
845 772 935 814 etc.,
965 765 1081 805 unde
1113 764 1377 805 attachiatus
1410 771 1485 813 est,
1516 770 1593 804 etc,
1658 764 1716 804 Et
1749 763 1849 804 inde
1882 763 1997 803 idem

274 841 471 882 Thomas
494 841 622 891 venit,
646 847 689 881 et
711 840 834 893 ponit
856 853 901 879 se
924 839 965 879 in
989 838 1130 892 gratia
1153 838 1345 891 Majoris,
1369 845 1411 879 et
1434 837 1563 878 solvit
1586 837 1690 891 xijd.

360 915 584 967 Johannes
618 914 673 954 de
708 914 806 953 Mar
839 919 882 953 et
917 912 1141 965 Johannes
1181 913 1293 961 Koo,
1330 912 1558 952 Decenarii
1594 912 1648 952 de
1688 911 1999 964 Franchegate,

275 995 557 1042 praesentant
593 1001 725 1028 unam
768 986 963 1027 affraiam
1008 985 1168 1026 factam
1211 986 1303 1027 sinc
1344 985 1557 1039 sanguine
1599 999 1728 1039 super
1764 984 1999 1038 Agnetem,

275 1077 444 1104 servam
479 1061 687 1103 willelmi
721 1062 776 1101 de
813 1060 1057 1109 Torlarton‚
1089 1074 1166 1113 pro
1203 1075 1254 1101 co
1287 1061 1404 1113 quod
1443 1060 1667 1112 praedicta
1697 1058 1850 1112 Agnes
1882 1059 2001 1100 venit

275 1137 317 1177 in
348 1137 528 1177 domum
561 1135 741 1176 Roberti
774 1134 1076 1174 Brinkkclowe
1109 1141 1260 1174 contra
1283 1134 1553 1174 voluntatem
1587 1147 1722 1182 suam,
1749 1140 1792 1173 et
1824 1133 1881 1173 ibi
1915 1132 2002 1173 fere

275 1209 564 1251 suffocaverat
593 1223 776 1251 uxorem
808 1209 1017 1262 praedicti
1054 1208 1244 1257 Roberti,
1272 1214 1423 1248 contra
1453 1222 1605 1261 pacem
1641 1207 1820 1248 Domini
1856 1207 2001 1260 Regis,

276 1291 365 1334 etc„
389 1285 504 1325 unde
534 1284 773 1325 attachiata
799 1290 874 1332 est,
898 1290 974 1323 etc.
1041 1283 1098 1323 Et
1131 1283 1231 1323 inde
1261 1283 1440 1323 cadem2
1462 1282 1615 1335 Agnes
1645 1282 1773 1331 venit,
1803 1287 1846 1322 et
1879 1281 2002 1334 ponit

275 1372 320 1399 se
343 1359 384 1399 in
409 1359 549 1412 gratia
573 1358 764 1411 Majoris,
788 1364 831 1398 ct
853 1357 982 1397 solvit
1003 1356 1088 1409 vjd.

362 1432 608 1473 VVillelmus
632 1433 702 1485 Gy
724 1438 767 1473 et
787 1432 1012 1484 Johannes
1038 1431 1246 1480 Dauntrc,
1272 1430 1501 1471 Decenarii
1524 1430 1578 1471 dc
1601 1430 1709 1471 Alto
1734 1429 2002 1478 Pavimento‚

275 1513 557 1559 praesentant
592 1520 724 1546 unam
760 1504 956 1545 assraiam
992 1518 1090 1544 cum
1126 1505 1338 1557 sanguine
1373 1518 1501 1557 super
1538 1504 1781 1545 Robertum
1818 1504 2002 1556 Coupcr,

276 1594 354 1633 pro
376 1595 427 1621 eo
449 1581 566 1634 quod
590 1580 839 1634 praedictus
865 1579 1083 1620 Robertus
1113 1578 1384 1631 percutiebat
1416 1578 1665 1631 Philippum
1696 1576 1876 1618 Tailour
1904 1590 2003 1617 cum

276 1667 363 1694 uno
386 1654 542 1694 baculo
565 1654 606 1694 in
631 1654 773 1707 capite
803 1654 856 1694 dc
886 1667 973 1706 quo
1002 1653 1179 1705 sanguis
1210 1651 1426 1701 effluebat,
1457 1658 1608 1692 contra
1637 1666 1790 1705 pacem
1823 1651 2004 1692 Domini

279 1728 424 1781 Regis,
454 1735 544 1778 etc,
574 1728 690 1768 unde
722 1727 986 1768 attachiatus
1020 1733 1095 1776 est,
1125 1733 1202 1767 etc.
1268 1727 1325 1767 Et
1359 1726 1459 1766 inde
1492 1727 1607 1767 idem
1644 1726 1863 1767 Robertus
1886 1725 2005 1766 venit

277 1815 423 1842 coram
448 1802 628 1855 Majore,
653 1808 695 1843 ct
718 1802 841 1855 ponit
864 1815 908 1842 se
932 1802 973 1841 in
997 1801 1147 1854 gratia,
1171 1807 1213 1841 ct
1236 1800 1365 1841 solvit
1388 1801 1471 1853 vjd.

362 1875 587 1929 Johannes
610 1877 664 1917 (16
688 1877 922 1929 Mampton
947 1881 988 1916 et
1016 1875 1237 1916 Gilbcrtus
1260 1875 1450 1923 walker,
1477 1874 1705 1915 Decenarii
1735 1876 1790 1916 de
1823 1873 2005 1915 Hunde-

278 1956 389 2003 gate,
422 1957 704 2003 praesentant
739 1963 870 1990 unam
906 1948 1102 1989 affraiam
1138 1949 1230 1988 sine
1264 1949 1475 2001 sanguine
1509 1962 1638 2002 super
1675 1948 1916 1989 Henricum
1952 1947 2006 1988 de

281 2024 516 2078 Plumptre‚
559 2039 637 2078 pro
679 2039 730 2065 co
772 2024 889 2076 quod
932 2023 1180 2076 praedictus
1226 2022 1442 2063 Henricus
1486 2022 1643 2063 levavit
1685 2029 1727 2062 et
1764 2021 2008 2062 verberavit

278 2098 527 2151 Johannam
560 2100 709 2140 Potter
737 2112 835 2138 cum
866 2111 953 2138 uno
982 2086 1148 2145 baculo,
1171 2103 1323 2137 contra
1352 2111 1505 2150 pacem
1538 2097 1717 2138 Domini
1749 2097 1892 2150 Regis,
1915 2103 2006 2148 etc.‚

280 2173 395 2213 unde
424 2172 688 2213 attachiatus
719 2178 794 2221 est,
824 2178 901 2212 etc.
967 2172 1025 2212 Et
1055 2171 1154 2211 inde
1184 2170 1298 2211 idem
1334 2171 1549 2211 Henricus
1580 2171 1708 2221 venit,
1739 2177 1781 2212 et
1809 2171 1933 2224 ponit
1962 2186 2008 2213 se

281 2246 322 2286 in
346 2247 486 2300 gratia
510 2247 702 2300 Majoris,
726 2254 767 2287 et
792 2246 919 2286 solvit
942 2246 1025 2299 vjd.

368 2320 563 2361 Thomas
586 2320 741 2361 Arnall
766 2327 808 2360 et
834 2320 1052 2360 Robertus
1076 2320 1129 2360 de
1161 2318 1431 2368 Casterffeld,
1458 2320 1687 2361 Decenarii
1711 2321 1765 2361 de
1789 2320 2007 2374 Chappel-

282 2394 415 2443 barre,
455 2401 736 2448 praesentant
778 2408 909 2434 unam
953 2392 1148 2434 affraiam
1192 2393 1284 2434 sine
1326 2395 1538 2447 sanguine
1575 2408 1703 2447 super
1736 2394 2007 2435 W'illelmum

283 2467 469 2520 Wrigth,
512 2469 566 2508 de
609 2467 840 2516 Alfferton‚
879 2481 956 2520 pro
994 2481 1045 2507 eo
1077 2468 1194 2520 quod
1233 2468 1480 2520 praedictus
1517 2468 1763 2509 XVillelmus
1806 2469 2009 2510 tractavit

284 2542 507 2583 cultellum
552 2556 677 2582 suum
722 2555 867 2582 versus
910 2541 1193 2590 XVillelmum,
1241 2555 1410 2582 servum
1455 2541 1663 2582 willelmi
1709 2543 1763 2582 de
1812 2542 2009 2592 Sallowe,

286 2624 328 2658 et
379 2623 530 2657 contra
574 2629 726 2668 pacem
771 2615 950 2655 Domini
998 2615 1141 2668 Regis,
1194 2622 1284 2664 etc,
1328 2616 1443 2656 unde
1494 2615 1759 2656 attachiatus
1811 2622 1886 2665 est,
1930 2622 2008 2657 etc.

288 2692 346 2732 Et
387 2691 487 2731 inde
529 2691 644 2731 idem
687 2689 933 2730 &Villelmus
977 2690 1104 2739 venit,
1147 2697 1190 2730 et
1231 2690 1355 2742 ponit
1397 2704 1441 2730 sc
1483 2690 1525 2730 in
1563 2690 1704 2743 gratia
1741 2690 1932 2744 Majoris‚
1968 2697 2011 2731 et

287 2765 416 2806 solvit
445 2765 528 2818 vjd.

373 2839 596 2891 Johannes
620 2839 673 2878 dc
698 2838 930 2889 Mampton
955 2842 998 2877 et
1022 2837 1281 2889 Gylbertum
1298 2837 1488 2887 WValker,
1506 2838 1734 2878 Decenarii
1753 2838 1807 2878 de
1828 2838 2010 2878 Hunde-

288 2920 399 2966 gate‚
424 2918 704 2965 praesentant
733 2911 850 2964 quod
883 2910 1061 2950 Bcafflx
1092 2910 1287 2951 Matther
1309 2917 1374 2951 est
1397 2911 1641 2951 communis
1664 2911 1938 2964 objurgatrix
1968 2911 2010 2951 in

289 2987 385 3027 vico
407 2987 461 3027 de
487 2985 754 3037 Hundegate
777 2984 849 3024 ubi
880 2990 1082 3032 moratur,
1106 2991 1257 3024 contra
1279 2984 1442 3024 vicinos
1472 2997 1582 3032 suos,
1606 2990 1649 3024 et
1678 2991 1830 3025 contra
1858 2997 2010 3037 pacem

293 3059 472 3099 Domini
508 3058 651 3111 Regis,
675 3065 765 3107 etc.‚
789 3058 904 3098 unde
931 3057 1169 3098 attachiata
1202 3064 1276 3106 est,
1300 3064 1377 3098 etc.
1443 3058 1500 3098 Et
1527 3058 1628 3098 inde
1653 3058 1807 3098 eadem
1833 3058 2012 3099 Beatrix

291 3133 419 3182 venit,
443 3139 485 3173 et
508 3132 631 3185 ponit
654 3145 699 3171 se
721 3132 763 3171 in
786 3132 926 3184 gratia
950 3131 1141 3184 Major-is,
1165 3138 1207 3171 et
1230 3130 1358 3171 solvit
1380 3131 1464 3184 vjd.

357 3250 366 3264 ¹
390 3257 484 3277 suam
510 3245 715 3287 propriam,]
750 3246 863 3276 ‘suum
896 3244 1089 3287 proprium‚'
1282 3249 1295 3262 ²
1316 3245 1452 3285 eademst
1479 3244 1611 3283 ‘idem,’
1638 3246 1711 3277 MS.
1761 3245 1842 3277 This
1870 3256 1958 3277 error
1986 3245 2012 3276 is

294 3299 366 3332 MS.
416 3300 497 3331 This
534 3299 675 3331 mistake
713 3299 739 3330 is
778 3299 890 3340 tacitly
921 3299 1088 3330 corrected
1218 3300 1286 3331 also
1310 3300 1476 3331 corrected
1500 3299 1594 3331 when
1611 3299 1634 3330 it
1657 3309 1769 3330 occurs
1786 3299 1962 3331 elsewhere
1979 3299 2011 3329 in

294 3354 401 3386 where
418 3354 440 3386 it
460 3366 572 3386 occurs
590 3355 621 3386 in
639 3355 693 3386 the
710 3354 879 3395 following
896 3360 1045 3386 extracts.
1218 3354 1309 3385 these
1326 3359 1475 3385 extracts.
