2198 3845
303 374 357 413 26
569 383 790 416 RECORDs
822 384 882 417 OF
915 384 1015 416 THE
1047 384 1283 418 BOROUGH
1316 385 1377 418 OF
1410 385 1756 418 NOTTINGHAM.
1893 374 2017 432 [1241

300 504 503 546 omnibus
533 505 816 556 libertatibus,
850 513 892 548 et
923 507 1126 549 omnibus
1159 507 1302 549 liberis
1335 508 1590 557 communis,
1621 515 1663 550 et
1692 521 1790 549 cum
1823 507 2026 549 omnibus

298 578 442 620 liberis
471 579 721 621 esiamentis
754 581 797 620 in
831 581 967 634 pratis
999 588 1043 622 et
1071 581 1114 622 in
1148 582 1331 635 pascuis,
1364 583 1406 622 in
1439 583 1518 622 viis
1549 589 1592 623 et
1624 583 1665 622 in
1699 582 1874 631 semitis,
1908 589 1951 622 et
1983 582 2024 621 in

299 653 502 695 omnibus
535 653 640 695 locis
673 654 783 695 infra
812 655 960 696 villam
991 662 1034 697 et
1065 662 1218 697 extra:
1250 655 1452 697 faciendo
1481 656 1582 697 inde
1610 656 1826 696 decimam
1857 662 2025 709 partem

299 727 426 768 unius
448 728 632 782 scutagii
657 729 783 769 unius
807 729 966 778 militis,
990 736 1034 770 et
1056 730 1281 771 reddendo
1308 730 1408 771 inde
1435 729 1661 770 annuatim
1690 729 1819 769 michi
1843 735 1885 770 et
1906 729 2026 770 here-

296 801 423 842 dibus
461 802 578 851 meis,
613 802 679 843 vel
719 803 825 843 meis
860 804 1103 856 assignatis,
1138 805 1247 844 duos
1285 804 1446 844 solidos
1483 803 1788 857 sterlingorum
1827 804 1882 843 ad
1917 803 2027 844 duos

296 875 515 925 terminos,
534 877 707 926 scilicet,
727 877 781 917 ad
807 877 1096 919 Nativitatem
1118 878 1241 919 Beati
1259 878 1473 931 Johannis
1499 878 1730 919 duodecim
1750 877 1962 927 denarios,
1984 884 2028 918 et

296 950 351 990 ad
369 949 527 990 festum
553 950 703 992 Sancti
727 951 907 992 Martini
926 952 1044 1005 xijd.,
1063 965 1141 1005 pro
1159 951 1277 992 omni
1301 952 1475 992 servitio
1493 952 1701 992 saeculari
1719 959 1762 992 et
1780 952 2001 992 demanda
2019 967 2026 992 :

295 1023 400 1073 illas,
441 1025 614 1074 scilicet,
656 1032 843 1078 quatuor
888 1025 1070 1067 bovatas
1108 1032 1247 1067 terrae
1292 1039 1400 1079 quas
1444 1026 1690 1066 &Villelmus
1738 1025 1869 1074 Brito,
1903 1031 2027 1078 pater

300 1111 432 1147 meuS,
456 1098 646 1139 lucratus
669 1105 734 1140 est
764 1113 840 1152 per
870 1098 1044 1140 finalem
1075 1100 1354 1141 concordiam
1386 1100 1426 1140 in
1456 1100 1587 1142 Curia
1617 1100 1796 1140 Domini
1828 1099 1960 1153 Regis
1984 1098 2025 1139 in

301 1172 449 1213 Banco
474 1172 684 1222 London',
707 1173 761 1213 de
784 1187 862 1213 suo
886 1174 1054 1214 clameo
1076 1180 1215 1214 terrae
1237 1174 1291 1214 de
1317 1174 1518 1223 Stanton,
1538 1187 1684 1214 versus
1710 1172 1949 1213 Radulfum
1973 1173 2027 1213 de

299 1246 458 1286 Rodes.
524 1246 622 1299 Ego
643 1260 745 1286 vero
763 1247 1010 1287 willelmus
1035 1248 1165 1296 Brito,
1190 1247 1301 1288 filius
1323 1247 1532 1288 willelmi
1558 1247 1757 1295 Britonis,
1781 1254 1823 1287 et
1846 1246 2027 1287 heredes

297 1320 392 1370 mei,
415 1321 796 1361 warantizabimus
819 1328 862 1362 et
885 1321 1171 1362 defendemus
1195 1322 1307 1362 hanc
1325 1322 1610 1363 donationem
1634 1328 1677 1363 et
1699 1321 2025 1362 concessionem

297 1394 394 1434 Deo
431 1401 474 1435 et
512 1394 675 1434 Domui
716 1395 961 1448 Hospitalis
1001 1396 1151 1437 Sancti
1188 1396 1403 1450 Johannis
1441 1396 1496 1436 de
1531 1395 1838 1449 Nottingham,
1872 1402 2027 1436 contra

296 1482 449 1509 omnes
485 1468 686 1509 homines
723 1474 766 1510 et
799 1482 952 1510 omnes
990 1469 1174 1510 feminas
1217 1470 1550 1524 imperpetuum.
1621 1470 1685 1512 Ut
1727 1476 1874 1510 autem
1917 1469 2026 1510 haec

296 1556 394 1584 mea
424 1543 606 1584 donatio
635 1550 678 1584 et
713 1543 936 1584 concessio
972 1543 1095 1585 firma
1129 1545 1183 1585 sit
1218 1552 1260 1586 et
1295 1545 1473 1594 stabilis,
1504 1544 1603 1585 huic
1638 1544 1800 1598 scripto
1834 1543 2025 1597 sigillum

298 1631 443 1658 meum
467 1618 661 1671 apposui.
729 1618 811 1658 His
835 1618 1039 1659 testibus:
1074 1619 1269 1660 Domino
1294 1619 1485 1661 Radulfo
1504 1619 1591 1660 filio
1615 1618 1829 1668 Nicholai,
1853 1618 2028 1660 Thoma

297 1692 351 1732 de
371 1692 549 1742 Curton,
572 1692 764 1745 Hugone
789 1692 876 1743 Bel,
895 1693 1092 1734 XValtero
1110 1695 1164 1735 de
1190 1694 1407 1744 Estanlee,
1434 1693 1625 1735 Radulfo
1650 1695 1785 1747 Bugg,
1804 1693 2028 1734 Willelino

299 1766 438 1816 Brien,
471 1766 634 1808 Astino
668 1766 755 1808 filio
787 1766 968 1815 Aliciae,
1001 1767 1198 1809 Galfrido
1234 1769 1448 1817 Paratore,
1482 1768 1705 1809 XVillelrno
1740 1768 1938 1821 Plungun
1973 1768 2027 1809 dc

298 1840 500 1891 Stanton,
538 1841 735 1882 &Valtero
773 1842 827 1882 de
861 1842 1146 1895 Widmerpol,
1183 1843 1357 1883 Thoma
1391 1843 1445 1883 de
1480 1842 1765 1895 XVidmerpol,
1801 1849 1844 1882 ct
1880 1841 2026 1883 multis

297 1915 401 1956 aliis.
1749 1926 1873 1968 4770,
1898 1930 1934 1970 p.
1966 1927 2023 1967 19.

444 2032 818 2074 XIV—Clmrtcr
836 2033 890 2084 of
904 2033 1046 2085 lx'alpll
1067 2034 1117 2073 de
1139 2034 1278 2073 Roclcs
1300 2033 1558 2086 confit-Jm'ng
1576 2033 1642 2073 tlte
1654 2032 1886 2086 preceding

825 2113 963 2158 gram
984 2113 1023 2146 lo
1048 2107 1091 2147 5.
1108 2107 1260 2161 Jolm’s
1282 2107 1491 2160 Hospilal.

1034 2197 1149 2236 Ante
1178 2208 1292 2246 1241.

388 2295 400 2314 1
420 2286 638 2328 Omnibus
675 2286 864 2328 Sanctae
895 2287 1050 2327 Matris
1083 2286 1305 2327 Ecclesiae
1328 2286 1425 2327 filiis
1454 2287 1509 2327 ad
1532 2299 1641 2340 quos
1664 2299 1869 2340 praesens
1892 2287 2025 2340 serip-

299 2367 391 2401 tum
430 2360 673 2414 pervenerit
710 2359 925 2400 Radulfus
963 2360 1017 2401 de
1057 2361 1216 2410 Rodes,
1251 2361 1437 2402 salutem
1475 2361 1516 2401 in
1557 2361 1760 2402 Domino.
1836 2361 2023 2402 Noverit

298 2434 555 2475 universitas
588 2440 731 2474 vestra
764 2447 844 2483 me,
878 2434 1051 2475 divinae
1083 2435 1275 2476 caritatis
1305 2435 1475 2484 intuitu,
1505 2441 1547 2476 et
1578 2449 1655 2488 pro
1684 2435 1824 2476 salute
1852 2435 2025 2476 animae

299 2522 432 2557 meae,
469 2514 512 2549 et
549 2522 626 2561 pro
664 2508 810 2548 anima
848 2509 983 2562 patris
1021 2509 1116 2558 mei,
1155 2516 1197 2550 et
1234 2524 1312 2563 pro
1349 2510 1579 2550 animabus
1615 2517 1939 2551 antecessorum
1982 2516 2026 2551 et

298 2595 596 2623 successorum
622 2595 830 2631 meorum,
855 2583 1130 2632 concessisse,
1154 2590 1197 2624 et
1219 2584 1436 2637 praesenti
1465 2591 1585 2624 carta
1608 2598 1705 2624 mea
1734 2583 2024 2632 confirmasse,

300 2656 396 2697 Deo
419 2662 461 2697 et
486 2656 648 2696 Domui
674 2656 824 2698 Sancti
846 2657 1060 2709 Johannis
1086 2658 1311 2710 Baptistae
1332 2658 1387 2699 de
1417 2658 1710 2712 Nottingham
1734 2665 1777 2699 et
1801 2658 2024 2700 Fratribus

299 2729 461 2770 ibidem
487 2730 583 2770 Deo
606 2730 905 2779 servientibus,
929 2731 971 2771 in
995 2731 1174 2772 liberam
1199 2738 1242 2772 et
1264 2738 1520 2785 perpetuam
1550 2732 1835 2781 elimosinam,
1859 2733 2023 2773 donum

299 2804 416 2856 quod
440 2803 687 2844 willelmus
715 2804 846 2853 Brito,
878 2803 988 2844 filius
1011 2805 1220 2845 willelmi
1252 2806 1452 2855 BritoniS,
1482 2807 1646 2846 eisdem
1679 2807 1901 2848 Fratribus
1925 2807 2026 2848 fecit

299 2878 354 2917 de
382 2883 570 2930 quatuor
598 2877 768 2918 bovatis
798 2885 938 2919 terrae
967 2893 1065 2919 cum
1096 2880 1368 2932 pertinentiis
1398 2880 1440 2920 in
1472 2880 1673 2930 stanton,
1703 2894 1802 2921 curn
1833 2881 2024 2923 Osberto

299 2950 338 2990 10
382 2951 534 2992 Bonde
583 2958 626 2992 et
666 2952 890 2992 &Villelmo
941 2953 1219 3003 &Vhatemam
1262 2961 1305 2995 et
1346 2967 1444 2994 cum
1486 2960 1581 2995 tota
1621 2955 1798 3008 sequela
1848 2968 2025 2995 eorum:

301 3024 504 3065 habenda
526 3031 569 3066 et
598 3027 789 3066 tenenda
811 3026 938 3066 dictis
969 3027 1066 3066 Deo
1095 3033 1138 3067 et
1169 3027 1332 3067 Domui
1364 3027 1515 3069 Sancti
1542 3028 1757 3081 Johannis
1787 3029 2023 3082 Baptistae,

300 3104 344 3138 et
371 3098 595 3138 Fratribus
625 3099 788 3139 ibidem
820 3099 917 3140 Deo
946 3100 1243 3150 servientibus,
1273 3107 1316 3142 et
1344 3102 1663 3143 successoribus
1693 3103 1791 3152 suis,
1821 3103 1953 3143 libere
1981 3109 2024 3143 et

300 3173 455 3225 quiete,
490 3173 669 3226 pacifice
704 3180 747 3214 et
782 3174 958 3227 integre,
987 3188 1085 3215 cum
1119 3175 1322 3216 omnibus
1354 3175 1626 3217 libertatibus
1655 3184 1699 3218 et
1732 3177 2024 3218 eisiamentis2

301 3246 549 3300 praedictae
577 3252 717 3288 terrae
746 3248 1075 3300 pertinentibus,
1110 3249 1219 3289 infra
1252 3249 1398 3290 villam
1431 3257 1474 3291 et
1506 3257 1657 3291 extra:
1690 3251 1889 3291 faciendo
1921 3250 2022 3290 inde

367 3339 374 3352 ¹
402 3335 499 3367 From
518 3335 672 3368 Greaves'
690 3347 815 3378 papers.
1270 3342 1279 3356 ²
1303 3339 1532 3379 etQ-z'amentss‚]
1553 3341 1561 3355 ‘
1575 3339 1842 3377 eisi·amentibus‚³
1861 3340 1932 3371 MS.
