2198 3845
586 405 804 438 RECORDs
836 407 897 438 OF
930 407 1029 438 THE
1062 407 1297 439 BOROUGH
1330 407 1391 439 OF
1426 407 1772 439 NOTTINGHAM.
1906 398 2031 451 [1321

319 404 372 443 Ἡ

409 525 533 576 Item,
567 528 621 568 ad
654 529 893 569 secundum
928 529 1169 579 articulum,
1192 529 1343 570 dicunt
1372 530 1489 583 quod
1522 530 1688 571 dictum
1718 530 1934 583 hospitale
1965 530 2041 570 do-

321 605 461 640 tatum
494 600 574 642 fuit
603 603 747 643 taliter
779 611 825 644 ut
857 605 912 644 de
944 604 1304 657 possessionibus,
1327 605 1450 645 terris
1483 612 1526 646 et
1554 605 1827 654 tenementis,
1851 605 1976 645 bonis
1999 611 2042 645 et

320 674 487 715 catallis
510 676 629 717 dicto
650 677 855 730 hospitali
878 678 992 718 datis
1015 685 1058 720 et
1080 679 1307 728 concessis,
1333 679 1550 732 magister,
1574 678 1786 732 capellani
1818 679 1859 718 in
1883 678 2038 718 eodem

319 748 466 789 divina
502 751 782 801 celebrantes,
820 752 971 793 fratres
1009 760 1052 794 et
1089 767 1256 794 sorores
1299 760 1342 794 et
1384 767 1597 806 pauperes
1639 753 1835 806 ejusdem
1873 752 2041 801 domus,

319 823 528 865 deberent
557 826 788 866 sustentari
819 827 874 867 (10
903 828 1136 877 communi,
1168 827 1333 881 absque
1363 827 1637 881 proprietate.
1703 827 1760 867 Et
1790 827 1844 867 de
1873 840 2041 879 posses-

318 896 511 938 sionibus
534 899 675 939 eidem
700 901 849 940 domui
880 915 936 941 ex
967 902 1149 954 antiquo
1179 902 1410 955 assignatis
1440 909 1483 943 et
1512 901 1738 950 concessis,
1762 914 1848 941 non
1879 901 2042 942 habent

319 971 518 1011 notitiam
544 972 708 1026 absque
732 974 1002 1027 inspectione
1024 982 1241 1016 cartarum
1265 982 1307 1017 et
1330 976 1589 1029 scriptorum
1621 989 1754 1029 penes
1784 976 2040 1028 magistrum

317 1044 420 1085 dicti
463 1045 691 1099 hospitalis
733 1048 1044 1099 residentium3
1086 1056 1128 1090 et
1166 1063 1252 1090 non
1291 1057 1464 1091 constat
1498 1050 1557 1090 eis
1595 1050 1627 1089 si
1666 1049 1769 1102 quid
1806 1050 1906 1090 inde
1941 1049 2040 1090 sub-

317 1119 511 1169 trahitur,
536 1134 681 1162 necne.

406 1195 530 1244 Item,
563 1196 617 1236 ad
651 1196 826 1237 tertium
860 1197 1100 1247 articulum,
1134 1198 1285 1238 dicunt
1314 1198 1431 1251 quod
1466 1197 1569 1238 inibi
1599 1211 1692 1237 esse
1724 1203 2042 1237 consueverunt

317 1281 427 1308 unus
466 1270 683 1322 magister,
725 1271 813 1311 duo
855 1272 1066 1325 capellani
1111 1273 1164 1313 ad
1209 1272 1351 1311 minus
1386 1271 1533 1312 divina
1574 1270 1854 1320 celebrantes,
1892 1277 1934 1311 et
1976 1277 2042 1312 tot

317 1341 478 1392 fratres,
502 1358 669 1384 sorores
702 1352 744 1386 et
777 1359 989 1399 pauperes
1013 1353 1119 1399 quot
1142 1347 1197 1386 (10
1226 1346 1351 1386 bonis
1382 1346 1539 1385 domus
1569 1346 1828 1398 praedictae,
1851 1359 1928 1398 per
1956 1345 2040 1385 dis-

316 1417 552 1458 cretionem
605 1425 647 1459 et
703 1420 1036 1473 dispositionem
1090 1420 1297 1473 magistri,
1340 1419 1678 1472 capellanorum,
1716 1419 2037 1472 praedictorum

316 1489 596 1532 fundatorum
631 1499 673 1533 et
705 1493 913 1534 heredum
947 1508 1108 1543 eorum,
1132 1508 1188 1535 ex
1212 1494 1392 1534 consilio
1416 1493 1758 1536 communitatis
1781 1494 2039 1547 praedictae,

315 1566 629 1607 rationabiliter
650 1568 883 1609 sustentari
906 1569 1157 1622 poter[ant].

404 1641 528 1689 Item,
552 1642 606 1681 ad
638 1649 841 1695 quartum
872 1643 1114 1692 articulum,
1138 1643 1289 1683 dicunt
1312 1642 1430 1695 quod
1464 1641 1579 1681 bona
1601 1641 1704 1682 dicti
1735 1641 1962 1694 hospitalis
1995 1642 2036 1681 in

314 1716 531 1768 praesenti
567 1729 652 1756 non
697 1716 917 1758 sufficiunt
955 1718 1009 1758 ad
1052 1717 1417 1758 sustentationem
1461 1723 1611 1757 tantae
1648 1716 1912 1756 elemosinae
1949 1730 2037 1769 quo

313 1789 515 1830 solebant
557 1797 659 1831 tunc
703 1792 923 1844 temporis,
962 1806 1014 1832 eo
1056 1792 1173 1845 quod
1211 1792 1391 1845 quidam
1438 1791 1655 1831 Henricus
1692 1791 1747 1831 de
1791 1790 2037 1840 Calverton,

315 1864 534 1905 Robertus
579 1865 679 1913 Ker,
723 1873 765 1906 et
808 1867 1014 1920 magister
1056 1867 1252 1907 Thomas
1295 1867 1349 1906 (10
1393 1866 1524 1915 Kent,
1566 1866 1790 1918 quondam
1841 1865 2035 1918 magistri

312 1938 508 1991 ejusdem
542 1939 770 1992 hospitalis
803 1941 1000 1989 instituti,
1031 1942 1172 1994 primo
1201 1941 1553 1993 dilapidaverunt
1583 1940 1698 1980 bona
1726 1940 1883 1979 domus
1914 1953 2035 1992 prac-

311 2011 465 2061 dictae,
498 2019 540 2053 et
574 2012 772 2054 aedificia
800 2015 1094 2064 devastarunt,
1126 2022 1168 2056 et
1200 2014 1459 2055 elemosinas
1490 2014 1796 2062 adnihilarunt,
1819 2020 1861 2054 ct
1891 2014 2036 2054 exitus

311 2087 468 2127 domus
511 2087 565 2127 ad
608 2087 827 2140 singulare
869 2088 1109 2141 proficuum
1153 2088 1478 2137 convertebant,
1521 2094 1563 2128 et
1605 2087 1829 2140 hucusque
1870 2088 2035 2128 dictum

311 2161 528 2215 hospitale
551 2162 605 2202 (10
629 2163 745 2203 malo
769 2164 810 2203 in
835 2164 959 2217 pejus
982 2165 1201 2217 processit.

400 2237 523 2285 Item,
559 2237 613 2276 ad
649 2237 850 2290 quintum
887 2238 1128 2288 articulum,
1152 2238 1302 2279 dicunt
1332 2238 1449 2291 quod
1483 2238 1570 2277 duo
1604 2237 1852 2278 sacerdotes
1886 2237 2034 2278 divina

312 2310 581 2351 celebrantes
625 2311 728 2351 inibi
768 2311 951 2361 fuerunt,
994 2313 1104 2353 sicut
1147 2313 1418 2365 praedictum
1456 2318 1531 2361 cst,
1570 2319 1612 2353 et
1655 2319 1757 2352 tunc
1799 2312 2033 2365 gestabant

310 2384 508 2425 habitum
539 2385 593 2424 de
623 2392 790 2426 russeto
823 2393 865 2427 et
888 2387 943 2427 (10
976 2387 1100 2440 nigro
1129 2400 1287 2439 panno,
1311 2393 1353 2427 et
1386 2386 1426 2425 in
1460 2386 1677 2439 praesenti
1712 2399 1797 2426 non
1831 2392 1896 2427 est
1929 2386 2031 2426 inibi

310 2458 466 2511 aliquis
488 2459 690 2499 sacerdos
714 2460 794 2499 nisi
818 2460 934 2500 solus
959 2461 1175 2513 magister.

398 2533 522 2581 Item,
556 2533 610 2572 ad
649 2540 825 2574 sextum
865 2534 1106 2583 articulum,
1130 2535 1281 2575 dicunt
1313 2534 1431 2587 quod
1464 2534 1659 2575 divinum
1694 2533 1885 2574 officium
1923 2535 2031 2576 eele-

309 2606 516 2646 brabatur
538 2607 579 2646 in
605 2608 771 2657 eodem,
795 2616 923 2661 prout
946 2609 1195 2649 continetur
1217 2609 1259 2648 in
1283 2609 1474 2661 quadam
1506 2608 1654 2661 regula
1683 2622 1758 2661 per
1786 2608 2027 2649 Dominum

308 2680 552 2721 walterum
576 2682 631 2721 (10
654 2682 782 2734 Grey,
806 2684 1030 2735 quondam
1055 2683 1449 2735 Archiepiscopum
1475 2682 1811 2730 Eboraeensem,
1830 2682 2031 2723 ordinata

308 2761 351 2795 et
373 2755 622 2804 constituta,
647 2762 689 2795 et
711 2756 873 2808 scripta
896 2756 937 2796 in
961 2757 1154 2809 quodam
1174 2756 1276 2797 folio
1298 2770 1427 2810 super
1450 2756 1624 2796 missale
1646 2756 1842 2808 ejusdem
1861 2756 2029 2805 domus,

308 2829 425 2881 quod
458 2829 549 2881 jam
585 2843 641 2869 ex
677 2829 750 2869 diu
789 2843 864 2882 per
900 2831 1114 2880 custodes,
1150 2831 1222 2883 qui
1261 2845 1338 2884 pro
1375 2837 1573 2883 tempore
1609 2829 1777 2877 fuerint,
1816 2829 2030 2870 malitiose

308 2902 547 2942 abscissum
572 2902 651 2943 fuit
681 2910 723 2944 et
756 2911 1056 2956 asportatum,
1090 2905 1207 2957 quod
1240 2905 1416 2957 quidem
1440 2903 1591 2943 folium
1621 2903 1761 2955 gratia
1792 2902 1939 2942 divina
1967 2903 2029 2942 in-

308 2982 486 3016 ventum
530 2983 605 3026 est,
643 2978 760 3029 quod
798 2978 937 3030 parati
975 2984 1076 3018 sunt
1113 2978 1352 3026 ostendere,
1390 2977 1423 3017 si
1461 2977 1604 3030 placet
1643 2976 1837 3016 Domino
1873 2975 2028 3015 Archi-

309 3050 524 3103 episcopo.

397 3124 521 3173 Item,
565 3125 619 3164 ad
662 3125 898 3177 septimum
942 3125 1183 3174 articulum,
1207 3124 1512 3182 dicunt'quod
1551 3123 1758 3176 magister
1794 3130 1837 3164 et
1874 3122 2027 3165 fratres

308 3203 510 3238 tenentur
532 3211 701 3237 servare
724 3198 918 3250 regulam
943 3198 984 3237 in
1009 3199 1127 3239 dieto
1150 3198 1253 3239 folio
1275 3204 1539 3239 contentam.

395 3272 518 3320 Item,
557 3272 610 3311 ad
649 3278 852 3312 octavum
891 3271 1132 3321 articulum,
1165 3273 1316 3313 dicunt
1349 3272 1466 3325 quod
1504 3271 1720 3323 magister,
1759 3284 1836 3310 nec
1873 3270 2027 3324 aliquis
