2198 3845
258 418 339 466 278
522 424 742 457 RECORDS
774 423 834 456 OF
868 423 968 455 THE
1000 421 1236 455 BOROUGH
1269 421 1329 453 OF
1364 419 1710 452 NOTTINGHAM.
1847 406 1977 462 [1395

343 547 468 595 Item,
498 546 649 587 dicunt
671 546 789 599 quod
827 545 1044 585 Robertus
1073 544 1127 584 de
1164 544 1324 585 Sutton
1360 548 1426 583 est
1459 540 1704 582 communis
1739 545 1910 592 emptor
1940 544 1984 578 et

258 619 523 661 forstallator
554 619 844 672 anguillarum
878 631 989 671 quae
1021 618 1200 657 veniunt
1234 617 1288 657 ad
1322 616 1462 657 forum
1499 615 1627 655 vendi
1664 614 1719 655 ab
1751 612 1984 661 extraneis,

259 700 361 735 ante
390 693 542 734 horam
573 693 778 741 debitam,
802 698 844 732 et
873 691 932 731 sic
962 697 1027 731 est
1050 692 1104 731 de
1132 690 1336 731 omnibus
1366 690 1459 730 aliis
1489 688 1717 742 pisci[bu]s
1740 686 1986 728 recentibus

261 767 536 808 venientibus
560 767 613 807 ad
638 766 905 819 praedictam
930 764 1088 813 villam,
1113 771 1189 805 etc.

347 841 470 889 Item,
505 845 785 893 praesentant
827 838 944 890 quod
985 838 1210 890 Johannes
1251 838 1306 878 de
1345 836 1488 890 Blyth,
1525 835 1768 884 flexhewer,
1805 834 1984 875 obturat

259 928 357 955 cum
390 914 612 966 sanguine,
643 913 825 961 enterels,
859 918 901 952 et
934 911 1063 951 issuce
1101 912 1241 964 Seynt
1277 911 1404 963 Jame
1438 911 1569 959 Lane,
1603 910 1657 950 ad
1690 922 1821 962 grave
1853 921 1986 948 nocu-

265 994 461 1028 mentum
484 987 617 1027 totius
641 987 790 1040 populi
814 986 975 1026 ibidem
1000 985 1276 1033 transeuntis,
1300 991 1377 1025 etc.

349 1062 473 1109 Item,
497 1060 647 1100 dicunt
677 1060 794 1112 quod
824 1060 1049 1112 Johannes
1072 1060 1126 1099 de
1157 1059 1443 1112 Notingham,
1467 1058 1744 1111 cappelanus,
1767 1057 1989 1098 obturavit

261 1136 484 1188 quandam
522 1134 737 1174 venellam
765 1132 888 1188 Jquae
925 1140 1106 1173 vocatur
1142 1132 1418 1173 W'oddelane
1453 1132 1584 1184 juxta
1620 1130 1913 1184 Alleswonge,
1949 1136 1992 1170 et

263 1222 359 1249 eam
397 1208 666 1260 praedictam
705 1207 919 1247 venellam
958 1207 1169 1247 inclusam
1204 1205 1304 1247 fecit
1342 1205 1441 1254 fieri,
1474 1206 1566 1246 sine
1599 1205 1773 1246 licentia
1808 1203 1991 1257 Majoris

262 1288 305 1322 et
347 1281 635 1334 Bur-gensium
678 1281 804 1321 villae
846 1281 1104 1334 praedictae,
1147 1281 1201 1321 ad
1245 1294 1375 1334 grave
1417 1279 1732 1333 praejudicium
1776 1277 1990 1319 libertatis

266 1356 393 1396 villae
420 1356 680 1408 praedictae,
706 1361 782 1396 etc.

356 1431 480 1478 Item,
505 1430 655 1470 dicunt
678 1430 795 1482 quod
829 1428 1074 1469 Willelmus
1110 1428 1350 1469 Dalahowe
1383 1434 1502 1469 tenet
1534 1440 1669 1468 unum
1692 1426 1835 1467 clceler’
1865 1438 1995 1478 super

265 1517 491 1544 cornerum
527 1516 673 1543 versus
709 1502 986 1555 Mothalgate
1020 1509 1230 1555 apertum,
1255 1503 1309 1542 ad
1344 1515 1475 1555 grave
1510 1506 1823 1541 nocumentum
1860 1499 1996 1540 totius

272 1577 421 1630 populi
446 1577 607 1617 ibidem
632 1576 907 1625 transeuntis,
931 1583 1008 1617 etc.

356 1652 479 1700 Item,
503 1651 653 1691 dicunt
676 1651 793 1703 quod
827 1664 940 1691 uxor
972 1650 1172 1690 Thomae
1208 1651 1345 1699 Hunt,
1369 1649 1599 1697 corvisour,
1624 1649 1665 1688 in
1696 1647 1809 1689 festo
1842 1647 1994 1690 Sancti

270 1725 460 1773 Martini,
485 1738 600 1765 anno
623 1725 742 1777 regni
769 1724 901 1777 Regis
927 1724 1101 1764 Ricardi
1128 1724 1318 1766 Secundi
1349 1730 1448 1777 post
1476 1723 1779 1776 Conquestum
1803 1721 1997 1774 Angliae

270 1799 441 1839 decimo
478 1812 604 1847 nono,
643 1798 784 1839 furata
822 1798 901 1839 fuit
938 1798 1018 1838 sub
1055 1798 1219 1850 pariete
1256 1798 1456 1837 Thomae
1493 1797 1547 1837 de
1588 1796 1743 1836 Arnall
1787 1795 2000 1836 carbones

271 1883 394 1913 suos1
419 1879 648 1913 noctanter
670 1879 713 1913 et
735 1880 835 1912 eos2
857 1872 1106 1925 asportavit,
1133 1878 1285 1912 contra
1308 1884 1460 1924 pacem
1487 1870 1666 1911 Domini
1692 1870 1837 1923 Regis,
1861 1875 1938 1910 etc.

361 1947 484 1996 Item,
509 1947 659 1987 dicunt
682 1947 799 1999 quod
828 1946 1052 1998 Johannes
1075 1946 1129 1986 de
1161 1946 1330 1985 Fenton
1361 1945 1536 1985 obturat
1568 1957 1848 1984 communem
1881 1943 1996 1983 viam

274 2020 316 2060 in
356 2020 706 2060 Bmddemerche
748 2033 845 2059 cum
889 2019 1109 2072 stipitibus
1151 2026 1193 2059 et
1237 2019 1374 2071 lignis
1414 2019 1467 2059 ad
1511 2032 1642 2071 grave
1685 2023 1998 2058 nocumentum

274 2095 409 2135 totius
432 2095 581 2147 populi
605 2095 766 2134 ibidem
790 2094 1065 2142 transeuntis,
1089 2101 1166 2134 etc.

366 2169 490 2217 Item,
514 2168 664 2208 dicunt
688 2168 805 2220 quod
828 2167 1052 2220 Johannes
1076 2168 1130 2207 de
1156 2167 1299 2220 Blyth,
1327 2167 1544 2207 Robertus
1568 2166 1782 2219 Okkeley,
1806 2165 2002 2206 Thomas

278 2242 445 2291 Arnall,
480 2249 522 2282 et
558 2242 753 2281 Thomas
788 2241 1082 2294 Mappourley
1115 2247 1323 2294 ceperunt
1357 2248 1400 2281 et
1435 2246 1767 2293 asportaverunt
1801 2245 1946 2292 petras
1980 2252 2005 2278 a

280 2316 587 2356 communibus
612 2316 743 2356 muris
767 2315 893 2355 villae
915 2316 969 2355 de
994 2315 1279 2367 Notingham,
1299 2316 1352 2354 ad
1376 2328 1506 2367 grave
1529 2315 1771 2366 dampnum
1795 2311 2006 2353 libertatis

284 2391 412 2431 villae
435 2390 694 2442 praedictae,
718 2397 794 2430 etc.

369 2465 492 2512 Item,
517 2464 667 2504 dicunt
689 2464 806 2516 quod
831 2463 1076 2503 XVillelmus
1108 2462 1402 2504 Swanneland
1433 2469 1475 2502 et
1503 2462 1726 2514 Johannes
1753 2459 2006 2511 Hakkenay

281 2539 488 2579 obturant
513 2551 648 2577 unum
680 2551 852 2577 cursum
883 2550 1022 2589 aquae
1051 2536 1092 2576 in
1126 2536 1439 2584 Berwardlane,
1464 2536 1518 2576 ad
1541 2548 1672 2588 grave
1695 2539 2007 2574 nocumentum

282 2612 493 2652 libertatis
518 2611 645 2651 villae
669 2611 928 2664 praedictae,
952 2617 1029 2651 etc.

371 2687 494 2735 Item,
518 2686 669 2726 dicunt
692 2685 808 2737 quod
838 2685 1062 2737 Johannes
1094 2683 1432 2736 Craweschagth
1461 2682 1637 2722 obturat
1668 2679 2007 2723 Calvortonlane

279 2760 410 2812 juxta
454 2759 735 2799 Litilmerche
776 2772 874 2798 cum
914 2757 1027 2807 fimo,
1066 2758 1120 2798 ad
1163 2771 1294 2810 grave
1331 2763 1644 2796 nocumentum
1683 2755 1921 2794 vicinorum
1965 2759 2007 2793 et

284 2847 432 2873 cursus
459 2846 598 2885 aquae
621 2833 675 2873 de
700 2833 829 2881 Lene,
853 2839 930 2872 etc.

373 2908 496 2955 Item,
537 2907 687 2947 dicunt
724 2907 841 2959 quod
884 2906 1108 2958 Johannes
1150 2906 1307 2958 Julane
1348 2905 1524 2945 obturat
1566 2904 1699 2944 altam
1742 2902 1856 2942 viam
1895 2914 2007 2954 quae

286 2990 464 3023 vocatur
487 2986 493 3001 ‘
513 2982 835 3034 Franchegate'
866 2994 964 3020 cum
990 2980 1093 3020 fimo
1122 2988 1164 3021 et
1193 2980 1424 3032 stipitibus,
1449 2979 1502 3019 ad
1532 2992 1662 3031 grave
1692 2982 2006 3017 nocumentum

286 3057 525 3096 vicinorum
552 3056 713 3095 ibidem
738 3055 1057 3095 transeuntium
1082 3062 1123 3094 et
1147 3054 1357 3094 libertatis
1380 3053 1506 3093 villae
1528 3053 1787 3105 praedictae,
1811 3057 1888 3091 etc.

377 3130 499 3178 Item,
544 3129 694 3168 dicunt
736 3129 853 3181 quod
899 3128 1052 3170 Simon
1098 3128 1194 3168 Plot
1237 3128 1290 3168 ad
1335 3127 1688 3179 Cokwatergang
1728 3124 1843 3177 cepit
1879 3135 2011 3163 unam

290 3203 485 3256 placeam
511 3209 651 3243 terrae
674 3203 727 3242 de
750 3202 971 3242 communi
995 3201 1114 3250 solio,
1138 3208 1180 3242 et
1207 3214 1303 3241 eam
1331 3200 1562 3240 incluserat
1591 3212 1689 3239 cum
1719 3198 1902 3251 gardino
1924 3209 2017 3244 suo,

642 3368 646 3381 ¹
674 3366 772 3405 suo-ffi]
793 3364 891 3396 ‘suas
906 3365 977 3396 Ms.
1394 3367 1404 3380 ²
1427 3364 1502 3403 cos‚]
1524 3362 1622 3399 ‘eas,’
1639 3362 1711 3394 MS.
