2198 3845
325 396 381 436 60
592 406 811 439 RECORDs
843 407 904 439 OF
937 407 1037 439 THE
1069 408 1305 441 BOROUGH
1338 408 1398 440 OF
1433 407 1780 440 NoTTmGHAM.
1917 396 2050 454 [1300

486 528 785 569 XXV11.—A
785 536 1005 582 greement
1025 530 1201 570 between
1224 530 1291 570 tlte
1312 531 1448 571 Prior
1466 532 1520 582 os
1530 531 1690 570 Lenton
1714 530 1806 570 and
1824 528 1890 569 [lle

780 602 1012 655 Bm‘gesses
1034 605 1272 656 regarding
1289 604 1449 644 [Ληΐου
1472 605 1590 644 Fair.

1031 709 1158 762 [circa
1187 722 1199 750 Ι
1212 721 1294 762 300
1308 708 1343 765 ?]

412 822 657 863 ¹Noverint
700 823 886 863 universi
927 824 1088 866 Christi
1124 824 1298 866 fideles2
1332 839 1537 879 praesens
1572 825 1782 879 scriptum
1817 826 1947 866 visuri
1982 826 2049 867 vel

324 896 511 937 audituri
551 897 680 949 quod,
719 911 817 937 cum
861 899 1086 939 contentio
1129 906 1242 940 esset
1285 906 1405 940 mota
1443 898 1579 940 inter³
1627 899 1816 939 Priorem
1852 906 1895 940 et
1931 900 2048 941 Con-

323 977 502 1011 ventum
526 970 580 1011 de
614 971 797 1020 Lenton,
821 985 878 1012 ex
909 985 996 1012 una
1026 979 1159 1025 parte,
1183 980 1225 1014 et
1259 973 1475 1027 Majorem
1506 980 1549 1014 et
1580 974 1824 1026 Burgenses
1854 973 1908 1013 de
1939 973 2049 1014 Not-

323 1043 534 1096 tingham,
565 1058 621 1084 ex
653 1044 798 1094 altera,
827 1059 955 1098 super
985 1045 1089 1086 feria
1118 1047 1171 1088 de
1205 1048 1388 1097 Lenton‚
1413 1048 1454 1087 in
1479 1048 1742 1101 quibusdam
1777 1047 2050 1088 libertatibus

322 1118 376 1158 ad
416 1118 556 1171 ipsam
596 1118 745 1159 feriam
782 1119 1112 1172 pertinentibus,
1148 1122 1338 1170 tandem,
1375 1120 1669 1162 mediantibus
1704 1120 1804 1160 viris
1839 1121 2048 1170 discretis,

321 1191 440 1232 dicta
473 1193 699 1233 contentio
734 1192 846 1233 inter
880 1207 952 1234 eos
988 1195 1275 1236 amicabiliter
1303 1195 1578 1248 conquievit⁴
1613 1195 1653 1234 in
1692 1194 1808 1235 hunc
1843 1195 2051 1235 modum:

320 1265 534 1315 videlicet,
560 1267 677 1319 quod
702 1266 805 1306 dicti
832 1267 952 1307 Prior
975 1274 1017 1308 et
1041 1269 1306 1318 Conventus,
1331 1269 1526 1309 unanimi
1551 1283 1728 1310 assensu
1759 1275 1802 1310 et
1825 1269 2048 1310 communi

322 1339 503 1380 consilio
528 1338 746 1393 Capituli5
768 1341 843 1389 sui,
870 1341 1179 1383 relaxaverunt
1202 1350 1244 1383 et
1267 1343 1464 1396 quietum
1488 1343 1787 1384 clamaverunt
1817 1343 1977 1396 Majori
2007 1350 2051 1384 et

324 1414 647 1467 Bu1·g0nsibus6
678 1416 996 1470 Nottingham’,
1027 1424 1069 1457 et
1102 1430 1251 1457 eorum
1285 1417 1528 1466 heredibus,
1559 1424 1747 1470 quatuor
1776 1416 1867 1457 dies
1897 1417 1952 1457 de
1986 1416 2048 1456 in-

322 1488 570 1528 cremento7
612 1489 666 1528 de
709 1488 814 1530 seria
855 1504 933 1530 sua
975 1490 1029 1530 de
1073 1491 1258 1540 Lenton‚
1294 1505 1403 1544 quos
1439 1491 1658 1531 Dominus
1695 1491 1913 1531 Henricus
1950 1491 2049 1531 Rex

322 1561 524 1614 Angliae,
549 1562 660 1602 filius
686 1563 820 1617 Regis
842 1564 1068 1617 Johannis,
1099 1565 1159 1605 eis
1183 1566 1407 1615 concessit,
1431 1572 1474 1606 et
1504 1572 1623 1606 carta
1649 1578 1727 1605 sua
1749 1563 2051 1605 confirmavit:

323 1635 382 1675 ita
414 1636 531 1688 quod
566 1636 645 1689 ipsi
682 1637 800 1678 Prior
833 1646 875 1679 et
910 1640 1175 1688 Conventus,
1206 1646 1249 1680 et
1281 1654 1551 1680 successores
1588 1640 1665 1688 sui,
1699 1653 1784 1680 non
1823 1639 2051 1680 habebunt

322 1709 471 1750 feriam
503 1710 582 1750 nisi
613 1725 689 1763 per
718 1719 818 1753 octo
840 1713 932 1753 dies
962 1714 1154 1767 plenarie
1184 1714 1438 1767 completos,
1462 1721 1505 1755 et
1535 1713 1737 1767 incipiet8
1766 1713 1871 1754 feria
1902 1713 2051 1766 vigilia

323 1783 473 1825 Sancti
511 1785 702 1834 Martini,
740 1793 782 1827 et
819 1787 993 1828 durabit
1031 1802 1056 1828 a
1099 1801 1227 1828 mane
1270 1788 1466 1841 ejusdem
1510 1788 1594 1828 diei
1639 1801 1776 1841 usque
1819 1788 1873 1828 ad
1917 1787 2047 1828 finem

321 1864 503 1899 octavae
532 1859 626 1899 diei.
692 1860 1013 1902 Concesserunt
1043 1862 1175 1902 etiam
1206 1862 1322 1903 bona
1352 1862 1447 1913 fide,
1472 1877 1550 1916 pro
1579 1877 1624 1903 se
1654 1869 1696 1903 et
1725 1862 2047 1902 successoribus

321 1932 420 1982 suis,
445 1933 562 1985 quod
597 1946 738 1986 neque
770 1934 862 1988 ipsi,
886 1949 1028 1989 neque
1060 1949 1329 1977 successores
1361 1936 1437 1986 sui,
1461 1937 1516 1978 de
1548 1943 1692 1978 cetero
1722 1936 1883 1977 facient
1915 1936 2048 1976 ullam

322 2007 642 2060 impetitionem
674 2022 822 2049 versus
853 2010 1096 2051 Dominum
1133 2012 1313 2065 Regem,
1337 2025 1479 2066 neque
1511 2025 1658 2052 versus
1688 2011 1878 2064 aliquem
1911 2010 2050 2051 homi-

321 2094 434 2131 nem,
458 2082 512 2122 ad
546 2081 899 2136 impetrandum9
930 2085 1099 2138 aliquos
1128 2086 1231 2135 dies,
1265 2086 1378 2127 ultra
1409 2093 1510 2127 octo
1540 2086 1644 2135 dies,
1674 2086 1729 2126 ad
1763 2091 2048 2139 augmentum

322 2154 451 2196 feriae
480 2170 594 2206 suae,
619 2157 673 2198 ad
705 2165 1018 2199 nocumentum
1050 2166 1093 2200 et
1122 2159 1435 2201 detrimentum
1467 2159 1650 2214 Majoris
1682 2166 1725 2200 et
1759 2159 2048 2213 Burgensium

323 2230 642 2284 Nottingham’,
685 2231 751 2272 vel
795 2231 1004 2273 heredum
1048 2247 1236 2274 suorum.
1302 2235 1532 2275 Praeterea
1573 2233 1783 2287 praedicti
1836 2233 1956 2274 Prior
2004 2240 2049 2275 et

322 2306 576 2348 Conventus
599 2314 918 2357 concesserunt,
942 2322 1020 2362 pro
1043 2323 1089 2349 se
1115 2315 1158 2350 et
1187 2309 1508 2350 successoribus
1538 2309 1636 2358 suis,
1659 2309 1786 2349 dictis
1816 2308 1976 2361 Majori
2005 2315 2049 2350 et

322 2380 618 2433 Burgensibus
662 2382 980 2435 Nottingham’,
1018 2384 1136 2436 quod
1175 2390 1436 2425 mercatores
1474 2396 1731 2436 pannorum,
1770 2382 2048 2435 apothecarii,
2105 2401 2108 2403 ’

320 2454 497 2507 pellarii,
540 2461 583 2496 et
630 2457 882 2497 mercenarii
925 2457 979 2497 de
1029 2458 1347 2499 communitate
1389 2457 1568 2507 villae‚10
1608 2457 1681 2510 qui
1723 2456 1865 2498 seldas
1908 2456 2049 2497 locare

320 2528 535 2569 voluerint
565 2529 607 2569 in
641 2529 746 2570 feria
775 2531 829 2570 de
861 2531 1046 2580 Lenton,
1070 2531 1239 2572 dabunt
1272 2546 1350 2585 pro
1380 2532 1575 2585 qualibet
1607 2531 1728 2572 selda
1760 2537 1968 2583 cooperta
1995 2531 2050 2571 de

320 2610 580 2656 coopertura
621 2604 787 2653 Prioris,
820 2604 887 2644 vel
920 2605 975 2645 de
1012 2612 1271 2658 coopertura
1308 2619 1386 2646 sua
1427 2605 1612 2658 propria,
1645 2604 1763 2657 xijd„
1805 2604 1909 2644 dum
1943 2603 2049 2644 feria

320 2676 589 2730 durav[er]it,
619 2684 662 2718 et
694 2678 877 2731 quilibet
910 2692 1071 2727 eorum,
1103 2680 1344 2719 secundum
1375 2678 1678 2719 condicionem
1709 2691 1844 2726 suam,
1867 2676 2048 2718 habebit

318 2751 486 2791 seldam
531 2751 643 2792 inter
685 2751 792 2792 alios
833 2759 1070 2793 extraneos
1114 2760 1387 2801 mercatores,
1430 2752 1643 2801 videlicet,
1686 2751 1885 2791 meliores
1934 2751 2048 2792 inter

384 2861 393 2875 ¹
418 2857 526 2888 There
553 2867 607 2888 are
635 2862 700 2888 two
727 2857 838 2898 copies
862 2857 898 2888 of
918 2857 982 2888 this
1006 2868 1114 2899 agree—
1256 2856 1346 2896 1646,
1367 2868 1424 2898 per
1449 2867 1519 2894 nos,
1545 2856 1669 2887 Willrn.
1700 2856 1899 2892 Flamsteed,
1924 2855 2049 2888 Arthur

319 2913 487 2948 ment,the
498 2912 637 2953 original
650 2918 706 2943 not
718 2912 816 2954 being
828 2914 1013 2954 preserved.
1042 2913 1116 2944 One
1254 2914 1450 2946 Rickards.’'
1496 2914 1568 2945 The
1592 2914 1686 2945 other
1709 2924 1794 2955 copy
1811 2914 1865 2953 (B)
1883 2913 1909 2945 is
1927 2923 2047 2954 among

320 2969 377 3007 (A)
396 2979 461 3000 was
478 2967 594 3009 copied
612 2973 667 2998 out
685 2967 722 2998 of
735 2968 790 2999 the
809 2968 881 2999 Red
900 2968 993 2998 Book
1011 2968 1048 2999 of
1061 2967 1116 2998 the
1252 2967 1408 3000 Greaves'
1440 2978 1567 3009 papers,
1602 2978 1633 3008 p.
1670 2974 1722 3008 50,
1751 2977 1817 3008 sqq.
1868 2967 1898 2997 It
1927 2966 1952 2997 is
1978 2966 2047 2997 also

320 3024 538 3067 Corporation
552 3025 585 3056 in
602 3025 683 3064 1646
695 3025 739 3066 by
749 3025 895 3056 william
913 3025 1114 3063 Flanmteed,
1252 3025 1392 3056 referred
1421 3030 1455 3055 to
1482 3024 1515 3054 in
1539 3023 1629 3054 Will.
1651 3021 1826 3063 Gregory's
1851 3021 1997 3052 ‘Noates
2014 3020 2052 3051 of

318 3080 398 3112 then
423 3081 528 3111 Town
563 3080 674 3118 Clerk,
705 3080 769 3110 and
797 3080 922 3111 Arthur
955 3079 1116 3110 Richards
1251 3079 1306 3109 the
1335 3079 1516 3110 Contentes
1543 3077 1579 3108 of
1605 3077 1661 3108 the
1690 3076 1787 3107 Redd
1816 3073 1932 3106 Book’
1963 3074 2043 3112 (No.

320 3134 441 3171 (whom
474 3135 657 3172 Thoroton,
692 3145 723 3176 p.
765 3143 840 3174 499,
879 3134 1044 3166 describes
1082 3145 1116 3165 as
1250 3139 1346 3171 4771,
1363 3132 1406 3162 so.
1426 3131 1509 3169 6d.).
1560 3131 1614 3161 He
1635 3130 1726 3171 gives
1748 3129 1803 3160 the
1820 3129 1896 3160 date
1923 3128 1976 3159 ‘in
1992 3128 2046 3159 die

322 3188 329 3202 ‘
344 3188 534 3220 Councillor
556 3194 587 3219 at
611 3189 690 3219 Law
705 3188 736 3227 ⁷).
789 3188 818 3219 It
836 3188 862 3219 is
879 3188 993 3229 signed
1011 3193 1042 3219 at
1062 3188 1116 3219 the
1252 3185 1364 3218 Sancti
1388 3184 1543 3216 Edwardi
1566 3184 1654 3225 apud
1679 3182 1802 3221 Nott.,'
1819 3183 1888 3214 that
1912 3182 1949 3221 is,
1977 3182 2045 3213 No-

317 3242 446 3274 bottom
471 3243 513 3284 by
530 3243 619 3274 them
644 3253 677 3274 as
700 3242 848 3273 follows:
877 3243 884 3257 ‘
899 3242 986 3273 Vera
1011 3241 1117 3282 Copia
1252 3240 1385 3271 vember
1402 3248 1453 3277 20,
1472 3239 1530 3270 but
1548 3238 1589 3269 he
1611 3237 1774 3269 mentions
1791 3247 1834 3268 no
1850 3247 1926 3278 year
1947 3246 1982 3267 as
2003 3235 2045 3267 he

319 3299 577 3341 Compositionis
602 3304 697 3340 prout
725 3298 862 3330 intratur
887 3297 919 3328 in
944 3297 1028 3328 libro
1053 3297 1115 3327 Re-
1252 3294 1433 3334 invariably
1459 3293 1539 3324 does
1566 3292 1661 3324 when
1689 3302 1751 3323 one
1779 3291 1903 3323 existed
1935 3290 1968 3321 in
1995 3290 2045 3321 his

318 3353 406 3384 cord.
435 3352 541 3384 Villae
566 3353 674 3390 Nou„
704 3360 732 3384 ct
759 3352 953 3390 examinata,
984 3360 995 3382 1
1018 3351 1112 3382 Febr.
1251 3349 1398 3390 original.
