<?xml version="1.0" encoding="UTF-8"?>
<!DOCTYPE html PUBLIC "-//W3C//DTD XHTML 1.0 Transitional//EN"
    "http://www.w3.org/TR/xhtml1/DTD/xhtml1-transitional.dtd">
<html xmlns="http://www.w3.org/1999/xhtml" xml:lang="en" lang="en">
 <head>
  <title>
</title>
<meta http-equiv="Content-Type" content="text/html;charset=utf-8" />
  <meta name='ocr-system' content='tesseract 3.04.00' />
  <meta name='ocr-capabilities' content='ocr_page ocr_carea ocr_par ocr_line ocrx_word'/>
</head>
<body>
  <div class='ocr_page' id='page_1' title='image "./recordsofborough01nott_0098.png"; bbox 0 0 2198 3845; ppageno 0'>
   <div class='ocr_carea' id='block_1_1' title="bbox 289 400 2004 457">
    <p class='ocr_par' dir='ltr' id='par_1_1' title="bbox 289 400 2004 457">
     <span class='ocr_line' id='line_1_1' title="bbox 289 400 2004 457; baseline 0.002 -18"><span class='ocrx_word' id='word_1_1' title='bbox 289 407 343 448; x_wconf 86' lang='lat'>74</span> <span class='ocrx_word' id='word_1_2' title='bbox 553 407 772 442; x_wconf 74' lang='lat' dir='ltr'>RECORDS</span> <span class='ocrx_word' id='word_1_3' title='bbox 804 410 864 442; x_wconf 82' lang='lat' dir='ltr'>OF</span> <span class='ocrx_word' id='word_1_4' title='bbox 897 410 996 441; x_wconf 86' lang='lat' dir='ltr'>THE</span> <span class='ocrx_word' id='word_1_5' title='bbox 1030 410 1265 442; x_wconf 87' lang='lat' dir='ltr'>BOROUGH</span> <span class='ocrx_word' id='word_1_6' title='bbox 1298 411 1358 442; x_wconf 95' lang='lat' dir='ltr'>OF</span> <span class='ocrx_word' id='word_1_7' title='bbox 1392 411 1738 443; x_wconf 74' lang='lat' dir='ltr'>NOTTINGHAM.</span> <span class='ocrx_word' id='word_1_8' title='bbox 1875 400 2004 457; x_wconf 79' lang='lat'>[1313</span> 
     </span>
    </p>
   </div>
   <div class='ocr_carea' id='block_1_2' title="bbox 285 529 2013 2220">
    <p class='ocr_par' dir='ltr' id='par_1_2' title="bbox 285 529 2013 2220">
     <span class='ocr_line' id='line_1_2' title="bbox 288 529 2006 586; baseline 0.003 -17"><span class='ocrx_word' id='word_1_9' title='bbox 288 529 621 571; x_wconf 85' lang='lat' dir='ltr'>Carmelitarum</span> <span class='ocrx_word' id='word_1_10' title='bbox 676 531 972 585; x_wconf 69' lang='lat' dir='ltr'>Noffingham&#39;,</span> <span class='ocrx_word' id='word_1_11' title='bbox 1015 533 1132 586; x_wconf 92' lang='lat' dir='ltr'>quod</span> <span class='ocrx_word' id='word_1_12' title='bbox 1186 533 1483 586; x_wconf 80' lang='lat' dir='ltr'>unusquisque</span> <span class='ocrx_word' id='word_1_13' title='bbox 1524 547 1674 574; x_wconf 90' lang='lat' dir='ltr'>eorum</span> <span class='ocrx_word' id='word_1_14' title='bbox 1727 533 1769 574; x_wconf 90' lang='lat' dir='ltr'>in</span> <span class='ocrx_word' id='word_1_15' title='bbox 1812 533 2006 586; x_wconf 87' lang='lat' dir='ltr'>qualibet</span> 
     </span>
     <span class='ocr_line' id='line_1_3' title="bbox 285 603 2006 661; baseline 0.002 -18"><span class='ocrx_word' id='word_1_16' title='bbox 285 603 532 656; x_wconf 89' lang='lat' dir='ltr'>septimana</span> <span class='ocrx_word' id='word_1_17' title='bbox 566 618 642 658; x_wconf 89' lang='lat' dir='ltr'>per</span> <span class='ocrx_word' id='word_1_18' title='bbox 677 612 819 647; x_wconf 88' lang='lat' dir='ltr'>totum</span> <span class='ocrx_word' id='word_1_19' title='bbox 857 619 1020 646; x_wconf 87' lang='lat' dir='ltr'>annum</span> <span class='ocrx_word' id='word_1_20' title='bbox 1059 607 1261 660; x_wconf 82' lang='lat' dir='ltr'>proxime</span> <span class='ocrx_word' id='word_1_21' title='bbox 1297 614 1564 661; x_wconf 80' lang='lat' dir='ltr'>sequentem,</span> <span class='ocrx_word' id='word_1_22' title='bbox 1602 608 1725 648; x_wconf 87' lang='lat' dir='ltr'>daret</span> <span class='ocrx_word' id='word_1_23' title='bbox 1761 621 1895 648; x_wconf 88' lang='lat' dir='ltr'>unum</span> <span class='ocrx_word' id='word_1_24' title='bbox 1933 607 2006 647; x_wconf 90' lang='lat' dir='ltr'>de-</span> 
     </span>
     <span class='ocr_line' id='line_1_4' title="bbox 286 678 2005 737; baseline 0.003 -19"><span class='ocrx_word' id='word_1_25' title='bbox 286 678 454 719; x_wconf 90' lang='lat' dir='ltr'>narium</span> <span class='ocrx_word' id='word_1_26' title='bbox 496 680 551 720; x_wconf 85' lang='lat' dir='ltr'>ad</span> <span class='ocrx_word' id='word_1_27' title='bbox 593 680 804 721; x_wconf 86' lang='lat' dir='ltr'>luminare</span> <span class='ocrx_word' id='word_1_28' title='bbox 848 681 1010 722; x_wconf 89' lang='lat' dir='ltr'>Beatae</span> <span class='ocrx_word' id='word_1_29' title='bbox 1054 682 1246 733; x_wconf 89' lang='lat' dir='ltr'>Mariae;</span> <span class='ocrx_word' id='word_1_30' title='bbox 1292 683 1352 724; x_wconf 92' lang='lat' dir='ltr'>ita</span> <span class='ocrx_word' id='word_1_31' title='bbox 1386 684 1504 737; x_wconf 91' lang='lat' dir='ltr'>quod</span> <span class='ocrx_word' id='word_1_32' title='bbox 1547 683 1589 724; x_wconf 90' lang='lat' dir='ltr'>in</span> <span class='ocrx_word' id='word_1_33' title='bbox 1624 683 1708 724; x_wconf 91' lang='lat' dir='ltr'>fine</span> <span class='ocrx_word' id='word_1_34' title='bbox 1749 684 1851 724; x_wconf 88' lang='lat' dir='ltr'>anni</span> <span class='ocrx_word' id='word_1_35' title='bbox 1886 684 2005 737; x_wconf 92' lang='lat' dir='ltr'>quod</span> 
     </span>
     <span class='ocr_line' id='line_1_5' title="bbox 286 753 2006 810; baseline 0.003 -17"><span class='ocrx_word' id='word_1_36' title='bbox 286 753 494 805; x_wconf 80' lang='lat' dir='ltr'>praedicti</span> <span class='ocrx_word' id='word_1_37' title='bbox 531 753 758 804; x_wconf 88' lang='lat' dir='ltr'>Robertus,</span> <span class='ocrx_word' id='word_1_38' title='bbox 791 754 1015 808; x_wconf 89' lang='lat' dir='ltr'>Johannes</span> <span class='ocrx_word' id='word_1_39' title='bbox 1047 756 1102 797; x_wconf 88' lang='lat' dir='ltr'>de</span> <span class='ocrx_word' id='word_1_40' title='bbox 1136 756 1341 806; x_wconf 87' lang='lat' dir='ltr'>Graham,</span> <span class='ocrx_word' id='word_1_41' title='bbox 1373 756 1598 810; x_wconf 89' lang='lat' dir='ltr'>Johannes</span> <span class='ocrx_word' id='word_1_42' title='bbox 1630 757 1685 798; x_wconf 87' lang='lat' dir='ltr'>de</span> <span class='ocrx_word' id='word_1_43' title='bbox 1719 758 1875 807; x_wconf 87' lang='lat' dir='ltr'>Rasen‚</span> <span class='ocrx_word' id='word_1_44' title='bbox 1898 757 2006 798; x_wconf 87' lang='lat' dir='ltr'>Wil-</span> 
     </span>
     <span class='ocr_line' id='line_1_6' title="bbox 288 827 2008 885; baseline 0.003 -18"><span class='ocrx_word' id='word_1_45' title='bbox 288 827 452 878; x_wconf 85' lang='lat' dir='ltr'>lelmus,</span> <span class='ocrx_word' id='word_1_46' title='bbox 475 835 517 869; x_wconf 87' lang='lat' dir='ltr'>et</span> <span class='ocrx_word' id='word_1_47' title='bbox 541 828 787 869; x_wconf 69' lang='lat' dir='ltr'>‘Willelmus</span> <span class='ocrx_word' id='word_1_48' title='bbox 813 837 1022 871; x_wconf 83' lang='lat' dir='ltr'>venerunt</span> <span class='ocrx_word' id='word_1_49' title='bbox 1045 837 1088 871; x_wconf 91' lang='lat' dir='ltr'>et</span> <span class='ocrx_word' id='word_1_50' title='bbox 1117 837 1486 884; x_wconf 86' lang='lat' dir='ltr'>computaverunt</span> <span class='ocrx_word' id='word_1_51' title='bbox 1514 832 1569 872; x_wconf 91' lang='lat' dir='ltr'>de</span> <span class='ocrx_word' id='word_1_52' title='bbox 1600 831 1718 872; x_wconf 90' lang='lat' dir='ltr'>dicto</span> <span class='ocrx_word' id='word_1_53' title='bbox 1750 837 1943 885; x_wconf 82' lang='lat' dir='ltr'>argento,</span> <span class='ocrx_word' id='word_1_54' title='bbox 1966 838 2008 872; x_wconf 89' lang='lat' dir='ltr'>et</span> 
     </span>
     <span class='ocr_line' id='line_1_7' title="bbox 287 903 2007 960; baseline 0.003 -19"><span class='ocrx_word' id='word_1_55' title='bbox 287 903 542 944; x_wconf 76' lang='lat' dir='ltr'>invenerunt</span> <span class='ocrx_word' id='word_1_56' title='bbox 573 903 614 943; x_wconf 90' lang='lat' dir='ltr'>in</span> <span class='ocrx_word' id='word_1_57' title='bbox 648 904 841 957; x_wconf 83' lang='lat' dir='ltr'>qualibet</span> <span class='ocrx_word' id='word_1_58' title='bbox 875 917 1005 945; x_wconf 83' lang='lat' dir='ltr'>manu</span> <span class='ocrx_word' id='word_1_59' title='bbox 1041 918 1189 946; x_wconf 89' lang='lat' dir='ltr'>eorum</span> <span class='ocrx_word' id='word_1_60' title='bbox 1223 906 1416 960; x_wconf 89' lang='lat' dir='ltr'>quinque</span> <span class='ocrx_word' id='word_1_61' title='bbox 1449 906 1622 955; x_wconf 85' lang='lat' dir='ltr'>solidos,</span> <span class='ocrx_word' id='word_1_62' title='bbox 1646 919 1721 959; x_wconf 87' lang='lat' dir='ltr'>per</span> <span class='ocrx_word' id='word_1_63' title='bbox 1752 906 1869 959; x_wconf 93' lang='lat' dir='ltr'>quod</span> <span class='ocrx_word' id='word_1_64' title='bbox 1903 912 2007 946; x_wconf 90' lang='lat' dir='ltr'>tunc</span> 
     </span>
     <span class='ocr_line' id='line_1_8' title="bbox 286 977 2007 1033; baseline 0.002 -17"><span class='ocrx_word' id='word_1_65' title='bbox 286 977 447 1017; x_wconf 86' lang='lat' dir='ltr'>ibidem</span> <span class='ocrx_word' id='word_1_66' title='bbox 481 978 684 1018; x_wconf 85' lang='lat' dir='ltr'>convenit</span> <span class='ocrx_word' id='word_1_67' title='bbox 717 979 827 1019; x_wconf 89' lang='lat' dir='ltr'>inter</span> <span class='ocrx_word' id='word_1_68' title='bbox 864 993 937 1019; x_wconf 86' lang='lat' dir='ltr'>cos</span> <span class='ocrx_word' id='word_1_69' title='bbox 969 980 1087 1032; x_wconf 89' lang='lat' dir='ltr'>quod</span> <span class='ocrx_word' id='word_1_70' title='bbox 1121 981 1330 1033; x_wconf 80' lang='lat' dir='ltr'>praedicti</span> <span class='ocrx_word' id='word_1_71' title='bbox 1362 980 1586 1033; x_wconf 84' lang='lat' dir='ltr'>Johannes</span> <span class='ocrx_word' id='word_1_72' title='bbox 1620 980 1675 1021; x_wconf 90' lang='lat' dir='ltr'>de</span> <span class='ocrx_word' id='word_1_73' title='bbox 1709 980 1866 1029; x_wconf 88' lang='lat' dir='ltr'>Rasen,</span> <span class='ocrx_word' id='word_1_74' title='bbox 1899 980 2007 1020; x_wconf 79' lang='lat' dir='ltr'>Wil-</span> 
     </span>
     <span class='ocr_line' id='line_1_9' title="bbox 285 1050 2007 1108; baseline 0.002 -18"><span class='ocrx_word' id='word_1_75' title='bbox 285 1050 449 1100; x_wconf 80' lang='lat' dir='ltr'>lelmus,</span> <span class='ocrx_word' id='word_1_76' title='bbox 473 1058 514 1092; x_wconf 89' lang='lat' dir='ltr'>et</span> <span class='ocrx_word' id='word_1_77' title='bbox 548 1051 792 1093; x_wconf 54' lang='lat' dir='ltr'>&amp;Villelmus</span> <span class='ocrx_word' id='word_1_78' title='bbox 830 1053 1041 1095; x_wconf 83' lang='lat' dir='ltr'>haberent</span> <span class='ocrx_word' id='word_1_79' title='bbox 1072 1054 1344 1108; x_wconf 87' lang='lat' dir='ltr'>praedictum</span> <span class='ocrx_word' id='word_1_80' title='bbox 1380 1062 1609 1108; x_wconf 80' lang='lat' dir='ltr'>argentum</span> <span class='ocrx_word' id='word_1_81' title='bbox 1645 1055 1687 1095; x_wconf 93' lang='lat' dir='ltr'>in</span> <span class='ocrx_word' id='word_1_82' title='bbox 1726 1054 2007 1095; x_wconf 87' lang='lat' dir='ltr'>mercandisis</span> 
     </span>
     <span class='ocr_line' id='line_1_10' title="bbox 285 1126 2009 1182; baseline 0.002 -17"><span class='ocrx_word' id='word_1_83' title='bbox 285 1126 383 1175; x_wconf 89' lang='lat' dir='ltr'>suis,</span> <span class='ocrx_word' id='word_1_84' title='bbox 416 1127 470 1166; x_wconf 89' lang='lat' dir='ltr'>ad</span> <span class='ocrx_word' id='word_1_85' title='bbox 513 1139 746 1167; x_wconf 89' lang='lat' dir='ltr'>commune</span> <span class='ocrx_word' id='word_1_86' title='bbox 781 1127 1021 1181; x_wconf 82' lang='lat' dir='ltr'>proficuum</span> <span class='ocrx_word' id='word_1_87' title='bbox 1057 1129 1266 1181; x_wconf 74' lang='lat' dir='ltr'>praedicti</span> <span class='ocrx_word' id='word_1_88' title='bbox 1303 1128 1536 1178; x_wconf 86' lang='lat' dir='ltr'>luminaris,</span> <span class='ocrx_word' id='word_1_89' title='bbox 1571 1135 1614 1170; x_wconf 87' lang='lat' dir='ltr'>et</span> <span class='ocrx_word' id='word_1_90' title='bbox 1647 1129 1764 1182; x_wconf 92' lang='lat' dir='ltr'>quod</span> <span class='ocrx_word' id='word_1_91' title='bbox 1800 1128 2009 1182; x_wconf 85' lang='lat' dir='ltr'>praedicti</span> 
     </span>
     <span class='ocr_line' id='line_1_11' title="bbox 288 1199 2008 1256; baseline 0.002 -16"><span class='ocrx_word' id='word_1_92' title='bbox 288 1199 505 1240; x_wconf 76' lang='lat' dir='ltr'>Robertus</span> <span class='ocrx_word' id='word_1_93' title='bbox 535 1207 577 1240; x_wconf 86' lang='lat' dir='ltr'>ct</span> <span class='ocrx_word' id='word_1_94' title='bbox 605 1200 829 1253; x_wconf 76' lang='lat' dir='ltr'>johannes</span> <span class='ocrx_word' id='word_1_95' title='bbox 852 1202 906 1241; x_wconf 90' lang='lat' dir='ltr'>de</span> <span class='ocrx_word' id='word_1_96' title='bbox 937 1202 1129 1243; x_wconf 79' lang='lat' dir='ltr'>Graham</span> <span class='ocrx_word' id='word_1_97' title='bbox 1164 1202 1364 1243; x_wconf 86' lang='lat' dir='ltr'>audirent</span> <span class='ocrx_word' id='word_1_98' title='bbox 1396 1203 1437 1243; x_wconf 91' lang='lat' dir='ltr'>in</span> <span class='ocrx_word' id='word_1_99' title='bbox 1462 1203 1657 1256; x_wconf 91' lang='lat' dir='ltr'>quolibet</span> <span class='ocrx_word' id='word_1_100' title='bbox 1687 1216 1803 1243; x_wconf 86' lang='lat' dir='ltr'>anno</span> <span class='ocrx_word' id='word_1_101' title='bbox 1832 1216 2008 1256; x_wconf 88' lang='lat' dir='ltr'>compo-</span> 
     </span>
     <span class='ocr_line' id='line_1_12' title="bbox 285 1274 2007 1331; baseline 0.003 -18"><span class='ocrx_word' id='word_1_102' title='bbox 285 1280 377 1314; x_wconf 89' lang='lat' dir='ltr'>tum</span> <span class='ocrx_word' id='word_1_103' title='bbox 411 1275 466 1314; x_wconf 85' lang='lat' dir='ltr'>de</span> <span class='ocrx_word' id='word_1_104' title='bbox 497 1274 615 1315; x_wconf 90' lang='lat' dir='ltr'>dicto</span> <span class='ocrx_word' id='word_1_105' title='bbox 652 1282 834 1328; x_wconf 81' lang='lat' dir='ltr'>argento</span> <span class='ocrx_word' id='word_1_106' title='bbox 871 1290 969 1317; x_wconf 92' lang='lat' dir='ltr'>cum</span> <span class='ocrx_word' id='word_1_107' title='bbox 1007 1277 1136 1326; x_wconf 82' lang='lat' dir='ltr'>lucro,</span> <span class='ocrx_word' id='word_1_108' title='bbox 1167 1283 1209 1318; x_wconf 90' lang='lat' dir='ltr'>et</span> <span class='ocrx_word' id='word_1_109' title='bbox 1247 1278 1363 1331; x_wconf 89' lang='lat' dir='ltr'>quod</span> <span class='ocrx_word' id='word_1_110' title='bbox 1402 1277 1698 1318; x_wconf 76' lang='lat' dir='ltr'>ordinaverint</span> <span class='ocrx_word' id='word_1_111' title='bbox 1735 1277 2007 1331; x_wconf 87' lang='lat' dir='ltr'>praedictum</span> 
     </span>
     <span class='ocr_line' id='line_1_13' title="bbox 286 1349 2009 1405; baseline 0.003 -18"><span class='ocrx_word' id='word_1_112' title='bbox 286 1354 514 1401; x_wconf 80' lang='lat' dir='ltr'>argentum</span> <span class='ocrx_word' id='word_1_113' title='bbox 539 1362 636 1389; x_wconf 85' lang='lat' dir='ltr'>cum</span> <span class='ocrx_word' id='word_1_114' title='bbox 669 1349 786 1391; x_wconf 89' lang='lat' dir='ltr'>lucro</span> <span class='ocrx_word' id='word_1_115' title='bbox 815 1351 870 1391; x_wconf 88' lang='lat' dir='ltr'>ad</span> <span class='ocrx_word' id='word_1_116' title='bbox 901 1364 1135 1392; x_wconf 88' lang='lat' dir='ltr'>commune</span> <span class='ocrx_word' id='word_1_117' title='bbox 1164 1351 1405 1404; x_wconf 87' lang='lat' dir='ltr'>proficuum</span> <span class='ocrx_word' id='word_1_118' title='bbox 1439 1352 1649 1405; x_wconf 87' lang='lat' dir='ltr'>praedicti</span> <span class='ocrx_word' id='word_1_119' title='bbox 1682 1351 1933 1401; x_wconf 79' lang='lat' dir='ltr'>luminaris3</span> <span class='ocrx_word' id='word_1_120' title='bbox 1966 1358 2009 1392; x_wconf 89' lang='lat' dir='ltr'>et</span> 
     </span>
     <span class='ocr_line' id='line_1_14' title="bbox 287 1423 2006 1479; baseline 0.002 -17"><span class='ocrx_word' id='word_1_121' title='bbox 287 1423 496 1475; x_wconf 88' lang='lat' dir='ltr'>praedicti</span> <span class='ocrx_word' id='word_1_122' title='bbox 537 1423 754 1464; x_wconf 88' lang='lat' dir='ltr'>Robcrtus</span> <span class='ocrx_word' id='word_1_123' title='bbox 796 1431 838 1465; x_wconf 91' lang='lat' dir='ltr'>et</span> <span class='ocrx_word' id='word_1_124' title='bbox 879 1425 1103 1478; x_wconf 89' lang='lat' dir='ltr'>Johannes</span> <span class='ocrx_word' id='word_1_125' title='bbox 1141 1426 1196 1466; x_wconf 92' lang='lat' dir='ltr'>de</span> <span class='ocrx_word' id='word_1_126' title='bbox 1234 1425 1438 1475; x_wconf 84' lang='lat' dir='ltr'>Graham,</span> <span class='ocrx_word' id='word_1_127' title='bbox 1477 1426 1519 1466; x_wconf 89' lang='lat' dir='ltr'>in</span> <span class='ocrx_word' id='word_1_128' title='bbox 1553 1426 1776 1479; x_wconf 89' lang='lat' dir='ltr'>quindena</span> <span class='ocrx_word' id='word_1_129' title='bbox 1814 1426 2006 1466; x_wconf 82' lang='lat' dir='ltr'>Paschae</span> 
     </span>
     <span class='ocr_line' id='line_1_15' title="bbox 285 1496 2010 1553; baseline 0.002 -16"><span class='ocrx_word' id='word_1_130' title='bbox 285 1496 440 1537; x_wconf 90' lang='lat' dir='ltr'>ultimo</span> <span class='ocrx_word' id='word_1_131' title='bbox 474 1498 736 1550; x_wconf 88' lang='lat' dir='ltr'>praeterita,1</span> <span class='ocrx_word' id='word_1_132' title='bbox 772 1506 984 1540; x_wconf 78' lang='lat' dir='ltr'>venerunt</span> <span class='ocrx_word' id='word_1_133' title='bbox 1018 1501 1072 1541; x_wconf 89' lang='lat' dir='ltr'>ad</span> <span class='ocrx_word' id='word_1_134' title='bbox 1111 1500 1357 1553; x_wconf 87' lang='lat' dir='ltr'>praedictos</span> <span class='ocrx_word' id='word_1_135' title='bbox 1394 1500 1646 1553; x_wconf 89' lang='lat' dir='ltr'>Johannem</span> <span class='ocrx_word' id='word_1_136' title='bbox 1682 1500 1736 1541; x_wconf 91' lang='lat' dir='ltr'>de</span> <span class='ocrx_word' id='word_1_137' title='bbox 1776 1499 1932 1548; x_wconf 84' lang='lat' dir='ltr'>Rasen,</span> <span class='ocrx_word' id='word_1_138' title='bbox 1968 1506 2010 1540; x_wconf 90' lang='lat' dir='ltr'>et</span> 
     </span>
     <span class='ocr_line' id='line_1_16' title="bbox 286 1571 2008 1627; baseline 0.002 -16"><span class='ocrx_word' id='word_1_139' title='bbox 286 1571 569 1621; x_wconf 59' lang='lat' dir='ltr'>XVillelmum,</span> <span class='ocrx_word' id='word_1_140' title='bbox 592 1579 634 1613; x_wconf 83' lang='lat' dir='ltr'>ct</span> <span class='ocrx_word' id='word_1_141' title='bbox 664 1572 946 1623; x_wconf 62' lang='lat' dir='ltr'>XVillelmum,</span> <span class='ocrx_word' id='word_1_142' title='bbox 976 1581 1018 1614; x_wconf 87' lang='lat' dir='ltr'>et</span> <span class='ocrx_word' id='word_1_143' title='bbox 1049 1574 1267 1627; x_wconf 89' lang='lat' dir='ltr'>petierunt</span> <span class='ocrx_word' id='word_1_144' title='bbox 1299 1587 1372 1615; x_wconf 92' lang='lat' dir='ltr'>eos</span> <span class='ocrx_word' id='word_1_145' title='bbox 1402 1573 1547 1614; x_wconf 82' lang='lat' dir='ltr'>venire</span> <span class='ocrx_word' id='word_1_146' title='bbox 1577 1574 1630 1614; x_wconf 85' lang='lat' dir='ltr'>ad</span> <span class='ocrx_word' id='word_1_147' title='bbox 1662 1574 2008 1627; x_wconf 88' lang='lat' dir='ltr'>computandum</span> 
     </span>
     <span class='ocr_line' id='line_1_17' title="bbox 287 1646 2008 1702; baseline 0.001 -16"><span class='ocrx_word' id='word_1_148' title='bbox 287 1646 341 1687; x_wconf 87' lang='lat' dir='ltr'>de</span> <span class='ocrx_word' id='word_1_149' title='bbox 363 1647 587 1699; x_wconf 88' lang='lat' dir='ltr'>praedicto</span> <span class='ocrx_word' id='word_1_150' title='bbox 610 1654 791 1700; x_wconf 81' lang='lat' dir='ltr'>argento</span> <span class='ocrx_word' id='word_1_151' title='bbox 814 1661 911 1688; x_wconf 87' lang='lat' dir='ltr'>cum</span> <span class='ocrx_word' id='word_1_152' title='bbox 937 1648 1065 1698; x_wconf 88' lang='lat' dir='ltr'>lucro,</span> <span class='ocrx_word' id='word_1_153' title='bbox 1089 1648 1206 1702; x_wconf 91' lang='lat' dir='ltr'>quod</span> <span class='ocrx_word' id='word_1_154' title='bbox 1237 1649 1295 1688; x_wconf 92' lang='lat' dir='ltr'>illi</span> <span class='ocrx_word' id='word_1_155' title='bbox 1326 1648 1517 1701; x_wconf 88' lang='lat' dir='ltr'>poterint</span> <span class='ocrx_word' id='word_1_156' title='bbox 1546 1648 1747 1688; x_wconf 86' lang='lat' dir='ltr'>ordinare</span> <span class='ocrx_word' id='word_1_157' title='bbox 1775 1661 2008 1688; x_wconf 89' lang='lat' dir='ltr'>commune</span> 
     </span>
     <span class='ocr_line' id='line_1_18' title="bbox 287 1719 2009 1774; baseline 0.001 -14"><span class='ocrx_word' id='word_1_158' title='bbox 287 1719 528 1773; x_wconf 88' lang='lat' dir='ltr'>proficuum</span> <span class='ocrx_word' id='word_1_159' title='bbox 564 1721 788 1774; x_wconf 88' lang='lat' dir='ltr'>praedicto</span> <span class='ocrx_word' id='word_1_160' title='bbox 826 1721 1037 1772; x_wconf 86' lang='lat' dir='ltr'>luminari,</span> <span class='ocrx_word' id='word_1_161' title='bbox 1071 1730 1113 1763; x_wconf 89' lang='lat' dir='ltr'>et</span> <span class='ocrx_word' id='word_1_162' title='bbox 1151 1723 1209 1762; x_wconf 86' lang='lat' dir='ltr'>illi</span> <span class='ocrx_word' id='word_1_163' title='bbox 1248 1723 1490 1772; x_wconf 87' lang='lat' dir='ltr'>noluerunt,</span> <span class='ocrx_word' id='word_1_164' title='bbox 1524 1729 1589 1763; x_wconf 90' lang='lat' dir='ltr'>set</span> <span class='ocrx_word' id='word_1_165' title='bbox 1627 1722 1786 1774; x_wconf 88' lang='lat' dir='ltr'>injuste</span> <span class='ocrx_word' id='word_1_166' title='bbox 1823 1735 2009 1763; x_wconf 86' lang='lat' dir='ltr'>conven-</span> 
     </span>
     <span class='ocr_line' id='line_1_19' title="bbox 288 1795 2012 1851; baseline 0.001 -16"><span class='ocrx_word' id='word_1_167' title='bbox 288 1795 452 1835; x_wconf 86' lang='lat' dir='ltr'>tionem</span> <span class='ocrx_word' id='word_1_168' title='bbox 477 1795 588 1836; x_wconf 91' lang='lat' dir='ltr'>inter</span> <span class='ocrx_word' id='word_1_169' title='bbox 610 1809 683 1836; x_wconf 89' lang='lat' dir='ltr'>eos</span> <span class='ocrx_word' id='word_1_170' title='bbox 706 1795 866 1837; x_wconf 84' lang='lat' dir='ltr'>factam</span> <span class='ocrx_word' id='word_1_171' title='bbox 892 1797 1122 1850; x_wconf 78' lang='lat' dir='ltr'>fregerunt,</span> <span class='ocrx_word' id='word_1_172' title='bbox 1147 1797 1201 1837; x_wconf 89' lang='lat' dir='ltr'>ad</span> <span class='ocrx_word' id='word_1_173' title='bbox 1225 1797 1419 1851; x_wconf 85' lang='lat' dir='ltr'>dampna</span> <span class='ocrx_word' id='word_1_174' title='bbox 1595 1804 1612 1824; x_wconf 87' lang='lat'>2</span> <span class='ocrx_word' id='word_1_175' title='bbox 1630 1811 1728 1837; x_wconf 80' lang='lat' dir='ltr'>xxs.</span> <span class='ocrx_word' id='word_1_176' title='bbox 1750 1811 1757 1845; x_wconf 91' lang='lat'>;</span> <span class='ocrx_word' id='word_1_177' title='bbox 1790 1803 1832 1837; x_wconf 92' lang='lat' dir='ltr'>et</span> <span class='ocrx_word' id='word_1_178' title='bbox 1855 1797 1909 1837; x_wconf 89' lang='lat' dir='ltr'>de</span> <span class='ocrx_word' id='word_1_179' title='bbox 1931 1795 2012 1837; x_wconf 92' lang='lat' dir='ltr'>hoc</span> 
     </span>
     <span class='ocr_line' id='line_1_20' title="bbox 289 1869 2011 1924; baseline 0.002 -15"><span class='ocrx_word' id='word_1_180' title='bbox 289 1869 475 1910; x_wconf 89' lang='lat' dir='ltr'>tendunt</span> <span class='ocrx_word' id='word_1_181' title='bbox 516 1875 691 1911; x_wconf 88' lang='lat' dir='ltr'>sectam.</span> <span class='ocrx_word' id='word_1_182' title='bbox 756 1870 815 1912; x_wconf 89' lang='lat' dir='ltr'>Et</span> <span class='ocrx_word' id='word_1_183' title='bbox 856 1871 1066 1924; x_wconf 84' lang='lat' dir='ltr'>praedicti</span> <span class='ocrx_word' id='word_1_184' title='bbox 1108 1871 1332 1924; x_wconf 87' lang='lat' dir='ltr'>Johannes</span> <span class='ocrx_word' id='word_1_185' title='bbox 1370 1872 1424 1912; x_wconf 88' lang='lat' dir='ltr'>de</span> <span class='ocrx_word' id='word_1_186' title='bbox 1468 1871 1626 1921; x_wconf 89' lang='lat' dir='ltr'>Rasen,</span> <span class='ocrx_word' id='word_1_187' title='bbox 1669 1870 1926 1919; x_wconf 71' lang='lat' dir='ltr'>willelmus,</span> <span class='ocrx_word' id='word_1_188' title='bbox 1967 1877 2011 1912; x_wconf 91' lang='lat' dir='ltr'>et</span> 
     </span>
     <span class='ocr_line' id='line_1_21' title="bbox 289 1943 2013 1998; baseline -0.001 -14"><span class='ocrx_word' id='word_1_189' title='bbox 289 1943 534 1985; x_wconf 65' lang='lat' dir='ltr'>XVillelmus</span> <span class='ocrx_word' id='word_1_190' title='bbox 576 1945 756 1986; x_wconf 75' lang='lat' dir='ltr'>veniunt</span> <span class='ocrx_word' id='word_1_191' title='bbox 805 1952 848 1986; x_wconf 88' lang='lat' dir='ltr'>et</span> <span class='ocrx_word' id='word_1_192' title='bbox 889 1944 1131 1987; x_wconf 87' lang='lat' dir='ltr'>defendunt</span> <span class='ocrx_word' id='word_1_193' title='bbox 1173 1947 1272 1995; x_wconf 70' lang='lat' dir='ltr'>vim,</span> <span class='ocrx_word' id='word_1_194' title='bbox 1315 1952 1405 1995; x_wconf 59' lang='lat' dir='ltr'>etc„</span> <span class='ocrx_word' id='word_1_195' title='bbox 1448 1952 1490 1986; x_wconf 91' lang='lat' dir='ltr'>et</span> <span class='ocrx_word' id='word_1_196' title='bbox 1532 1945 1683 1986; x_wconf 90' lang='lat' dir='ltr'>dicunt</span> <span class='ocrx_word' id='word_1_197' title='bbox 1723 1945 1841 1998; x_wconf 87' lang='lat' dir='ltr'>quod</span> <span class='ocrx_word' id='word_1_198' title='bbox 1894 1944 2013 1984; x_wconf 86' lang='lat' dir='ltr'>nulla</span> 
     </span>
     <span class='ocr_line' id='line_1_22' title="bbox 289 2017 2012 2073; baseline 0.001 -15"><span class='ocrx_word' id='word_1_199' title='bbox 289 2017 386 2058; x_wconf 86' lang='lat' dir='ltr'>talis</span> <span class='ocrx_word' id='word_1_200' title='bbox 419 2017 675 2059; x_wconf 80' lang='lat' dir='ltr'>conventi0³</span> <span class='ocrx_word' id='word_1_201' title='bbox 712 2018 823 2060; x_wconf 88' lang='lat' dir='ltr'>inter</span> <span class='ocrx_word' id='word_1_202' title='bbox 859 2033 932 2060; x_wconf 89' lang='lat' dir='ltr'>eos</span> <span class='ocrx_word' id='word_1_203' title='bbox 968 2019 1047 2061; x_wconf 88' lang='lat' dir='ltr'>fuit</span> <span class='ocrx_word' id='word_1_204' title='bbox 1080 2020 1224 2069; x_wconf 72' lang='lat' dir='ltr'>facta,4</span> <span class='ocrx_word' id='word_1_205' title='bbox 1257 2034 1335 2061; x_wconf 90' lang='lat' dir='ltr'>nec</span> <span class='ocrx_word' id='word_1_206' title='bbox 1372 2020 1432 2061; x_wconf 87' lang='lat' dir='ltr'>eis</span> <span class='ocrx_word' id='word_1_207' title='bbox 1466 2019 1697 2073; x_wconf 82' lang='lat' dir='ltr'>fregerunt,</span> <span class='ocrx_word' id='word_1_208' title='bbox 1721 2019 1831 2060; x_wconf 90' lang='lat' dir='ltr'>sicut</span> <span class='ocrx_word' id='word_1_209' title='bbox 1865 2032 2012 2060; x_wconf 80' lang='lat' dir='ltr'>versus</span> 
     </span>
     <span class='ocr_line' id='line_1_23' title="bbox 289 2093 2012 2148; baseline 0.001 -16"><span class='ocrx_word' id='word_1_210' title='bbox 289 2106 362 2132; x_wconf 86' lang='lat' dir='ltr'>eos</span> <span class='ocrx_word' id='word_1_211' title='bbox 395 2099 688 2142; x_wconf 77' lang='lat' dir='ltr'>narraverunt,</span> <span class='ocrx_word' id='word_1_212' title='bbox 721 2099 764 2134; x_wconf 90' lang='lat' dir='ltr'>et</span> <span class='ocrx_word' id='word_1_213' title='bbox 796 2100 897 2135; x_wconf 90' lang='lat' dir='ltr'>sunt</span> <span class='ocrx_word' id='word_1_214' title='bbox 930 2094 984 2134; x_wconf 87' lang='lat' dir='ltr'>ad</span> <span class='ocrx_word' id='word_1_215' title='bbox 1009 2094 1160 2148; x_wconf 81' lang='lat' dir='ltr'>legem.</span> <span class='ocrx_word' id='word_1_216' title='bbox 1226 2095 1359 2148; x_wconf 79' lang='lat' dir='ltr'>Plegii</span> <span class='ocrx_word' id='word_1_217' title='bbox 1393 2095 1447 2135; x_wconf 90' lang='lat' dir='ltr'>de</span> <span class='ocrx_word' id='word_1_218' title='bbox 1485 2094 1605 2147; x_wconf 83' lang='lat' dir='ltr'>lege:</span> <span class='ocrx_word' id='word_1_219' title='bbox 1637 2094 1858 2134; x_wconf 73' lang='lat' dir='ltr'>walterus</span> <span class='ocrx_word' id='word_1_220' title='bbox 1883 2093 2012 2143; x_wconf 90' lang='lat' dir='ltr'>Hirri,</span> 
     </span>
     <span class='ocr_line' id='line_1_24' title="bbox 289 2165 2011 2220; baseline 0.001 -14"><span class='ocrx_word' id='word_1_221' title='bbox 289 2165 514 2219; x_wconf 88' lang='lat' dir='ltr'>Johannes</span> <span class='ocrx_word' id='word_1_222' title='bbox 537 2166 575 2207; x_wconf 85' lang='lat' dir='ltr'>le</span> <span class='ocrx_word' id='word_1_223' title='bbox 599 2167 782 2220; x_wconf 81' lang='lat' dir='ltr'>Greyne.</span> <span class='ocrx_word' id='word_1_224' title='bbox 1756 2177 1872 2219; x_wconf 80' lang='lat'>1253,</span> <span class='ocrx_word' id='word_1_225' title='bbox 1897 2182 1951 2208; x_wconf 90' lang='lat' dir='ltr'>ro.</span> <span class='ocrx_word' id='word_1_226' title='bbox 1977 2178 2011 2219; x_wconf 94' lang='lat'>7.</span> 
     </span>
    </p>
   </div>
   <div class='ocr_carea' id='block_1_3' title="bbox 628 2282 1679 2338">
    <p class='ocr_par' dir='ltr' id='par_1_3' title="bbox 628 2282 1679 2338">
     <span class='ocr_line' id='line_1_25' title="bbox 628 2282 1679 2338; baseline 0.001 -15"><span class='ocrx_word' id='word_1_227' title='bbox 628 2282 809 2324; x_wconf 84' lang='lat' dir='ltr'>XXXV</span> <span class='ocrx_word' id='word_1_228' title='bbox 812 2284 1115 2338; x_wconf 75' lang='lat' dir='ltr'>.——Judg11lcnt</span> <span class='ocrx_word' id='word_1_229' title='bbox 1133 2285 1187 2336; x_wconf 81' lang='lat' dir='ltr'>of</span> <span class='ocrx_word' id='word_1_230' title='bbox 1199 2284 1264 2325; x_wconf 68' lang='lat' dir='ltr'>tlte</span> <span class='ocrx_word' id='word_1_231' title='bbox 1285 2284 1453 2337; x_wconf 69' lang='lat' dir='ltr'>Pilloay</span> <span class='ocrx_word' id='word_1_232' title='bbox 1462 2285 1545 2337; x_wconf 73' lang='lat' dir='ltr'>for</span> <span class='ocrx_word' id='word_1_233' title='bbox 1564 2284 1679 2336; x_wconf 70' lang='lat' dir='ltr'>tlleft.</span> 
     </span>
    </p>
   </div>
   <div class='ocr_carea' id='block_1_4' title="bbox 931 2359 1379 2409">
    <p class='ocr_par' dir='ltr' id='par_1_4' title="bbox 931 2359 1379 2409">
     <span class='ocr_line' id='line_1_26' title="bbox 931 2359 1379 2409; baseline 0.004 -12"><span class='ocrx_word' id='word_1_234' title='bbox 931 2369 975 2409; x_wconf 78' lang='lat'>13</span> <span class='ocrx_word' id='word_1_235' title='bbox 988 2370 1000 2398; x_wconf 88' lang='grc' dir='ltr'>Ι</span> <span class='ocrx_word' id='word_1_236' title='bbox 1013 2369 1047 2407; x_wconf 85' lang='lat'>2,</span> <span class='ocrx_word' id='word_1_237' title='bbox 1072 2359 1322 2399; x_wconf 76' lang='lat' dir='ltr'>November</span> <span class='ocrx_word' id='word_1_238' title='bbox 1346 2360 1379 2399; x_wconf 82' lang='lat'>8.</span> 
     </span>
    </p>
   </div>
   <div class='ocr_carea' id='block_1_5' title="bbox 292 2446 2016 2871">
    <p class='ocr_par' dir='ltr' id='par_1_5' title="bbox 292 2446 2016 2871">
     <span class='ocr_line' id='line_1_27' title="bbox 377 2446 2014 2502; baseline 0.001 -16"><span class='ocrx_word' id='word_1_239' title='bbox 377 2447 611 2499; x_wconf 85' lang='lat' dir='ltr'>Johannes,</span> <span class='ocrx_word' id='word_1_240' title='bbox 636 2446 747 2487; x_wconf 84' lang='lat' dir='ltr'>filius</span> <span class='ocrx_word' id='word_1_241' title='bbox 780 2446 980 2488; x_wconf 89' lang='lat' dir='ltr'>Thomae</span> <span class='ocrx_word' id='word_1_242' title='bbox 1012 2448 1051 2488; x_wconf 90' lang='lat' dir='ltr'>le</span> <span class='ocrx_word' id='word_1_243' title='bbox 1085 2448 1327 2502; x_wconf 89' lang='lat' dir='ltr'>Chapman,</span> <span class='ocrx_word' id='word_1_244' title='bbox 1351 2455 1504 2502; x_wconf 89' lang='lat' dir='ltr'>captus</span> <span class='ocrx_word' id='word_1_245' title='bbox 1536 2456 1601 2490; x_wconf 90' lang='lat' dir='ltr'>est</span> <span class='ocrx_word' id='word_1_246' title='bbox 1633 2455 1675 2489; x_wconf 91' lang='lat' dir='ltr'>et</span> <span class='ocrx_word' id='word_1_247' title='bbox 1706 2449 2014 2501; x_wconf 86' lang='lat' dir='ltr'>imprisonatus</span> 
     </span>
     <span class='ocr_line' id='line_1_28' title="bbox 292 2520 2014 2576; baseline 0.001 -16"><span class='ocrx_word' id='word_1_248' title='bbox 292 2521 333 2561; x_wconf 93' lang='lat' dir='ltr'>in</span> <span class='ocrx_word' id='word_1_249' title='bbox 358 2521 486 2574; x_wconf 81' lang='lat' dir='ltr'>gaola</span> <span class='ocrx_word' id='word_1_250' title='bbox 507 2520 718 2561; x_wconf 82' lang='lat' dir='ltr'>libertatis</span> <span class='ocrx_word' id='word_1_251' title='bbox 743 2520 1029 2575; x_wconf 82' lang='lat' dir='ltr'>Notingham’</span> <span class='ocrx_word' id='word_1_252' title='bbox 1047 2536 1125 2576; x_wconf 83' lang='lat' dir='ltr'>pro</span> <span class='ocrx_word' id='word_1_253' title='bbox 1142 2523 1335 2576; x_wconf 91' lang='lat' dir='ltr'>quodam</span> <span class='ocrx_word' id='word_1_254' title='bbox 1358 2523 1498 2575; x_wconf 92' lang='lat' dir='ltr'>pissce</span> <span class='ocrx_word' id='word_1_255' title='bbox 1520 2528 1563 2563; x_wconf 90' lang='lat' dir='ltr'>et</span> <span class='ocrx_word' id='word_1_256' title='bbox 1581 2522 1608 2575; x_wconf 89' lang='lat' dir='ltr'>j.</span> <span class='ocrx_word' id='word_1_257' title='bbox 1633 2522 1724 2575; x_wconf 86' lang='lat' dir='ltr'>pari</span> <span class='ocrx_word' id='word_1_258' title='bbox 1747 2521 2014 2570; x_wconf 85' lang='lat' dir='ltr'>sotularium,</span> 
     </span>
     <span class='ocr_line' id='line_1_29' title="bbox 293 2594 2016 2650; baseline 0.001 -16"><span class='ocrx_word' id='word_1_259' title='bbox 293 2601 336 2634; x_wconf 91' lang='lat' dir='ltr'>et</span> <span class='ocrx_word' id='word_1_260' title='bbox 360 2602 561 2635; x_wconf 87' lang='lat' dir='ltr'>arenatus</span> <span class='ocrx_word' id='word_1_261' title='bbox 585 2601 649 2635; x_wconf 89' lang='lat' dir='ltr'>est</span> <span class='ocrx_word' id='word_1_262' title='bbox 672 2594 857 2648; x_wconf 88' lang='lat' dir='ltr'>qualiter</span> <span class='ocrx_word' id='word_1_263' title='bbox 879 2596 1069 2649; x_wconf 89' lang='lat' dir='ltr'>seipsum</span> <span class='ocrx_word' id='word_1_264' title='bbox 1100 2596 1284 2638; x_wconf 80' lang='lat' dir='ltr'>voluerit</span> <span class='ocrx_word' id='word_1_265' title='bbox 1313 2596 1570 2650; x_wconf 83' lang='lat' dir='ltr'>acquietare,</span> <span class='ocrx_word' id='word_1_266' title='bbox 1593 2603 1636 2637; x_wconf 90' lang='lat' dir='ltr'>et</span> <span class='ocrx_word' id='word_1_267' title='bbox 1661 2596 1786 2650; x_wconf 86' lang='lat' dir='ltr'>ponit</span> <span class='ocrx_word' id='word_1_268' title='bbox 1814 2610 1859 2636; x_wconf 89' lang='lat' dir='ltr'>se</span> <span class='ocrx_word' id='word_1_269' title='bbox 1887 2610 2016 2650; x_wconf 86' lang='lat' dir='ltr'>super</span> 
     </span>
     <span class='ocr_line' id='line_1_30' title="bbox 293 2668 2015 2724; baseline 0.002 -16"><span class='ocrx_word' id='word_1_270' title='bbox 293 2668 491 2722; x_wconf 89' lang='lat' dir='ltr'>patriam,</span> <span class='ocrx_word' id='word_1_271' title='bbox 515 2682 626 2721; x_wconf 85' lang='lat' dir='ltr'>quae</span> <span class='ocrx_word' id='word_1_272' title='bbox 656 2669 761 2709; x_wconf 90' lang='lat' dir='ltr'>dicit</span> <span class='ocrx_word' id='word_1_273' title='bbox 784 2670 902 2722; x_wconf 91' lang='lat' dir='ltr'>quod</span> <span class='ocrx_word' id='word_1_274' title='bbox 932 2670 1180 2722; x_wconf 89' lang='lat' dir='ltr'>praedictus</span> <span class='ocrx_word' id='word_1_275' title='bbox 1208 2670 1432 2722; x_wconf 88' lang='lat' dir='ltr'>Johannes</span> <span class='ocrx_word' id='word_1_276' title='bbox 1455 2670 1620 2711; x_wconf 87' lang='lat' dir='ltr'>furatus</span> <span class='ocrx_word' id='word_1_277' title='bbox 1644 2670 1745 2724; x_wconf 87' lang='lat' dir='ltr'>[est]</span> <span class='ocrx_word' id='word_1_278' title='bbox 1769 2670 2015 2723; x_wconf 87' lang='lat' dir='ltr'>praedictos</span> 
     </span>
     <span class='ocr_line' id='line_1_31' title="bbox 293 2741 2014 2798; baseline 0.002 -17"><span class='ocrx_word' id='word_1_279' title='bbox 293 2742 456 2795; x_wconf 86' lang='lat' dir='ltr'>piscem</span> <span class='ocrx_word' id='word_1_280' title='bbox 499 2748 542 2782; x_wconf 93' lang='lat' dir='ltr'>et</span> <span class='ocrx_word' id='word_1_281' title='bbox 583 2741 816 2792; x_wconf 89' lang='lat' dir='ltr'>sotularia;</span> <span class='ocrx_word' id='word_1_282' title='bbox 860 2743 985 2795; x_wconf 87' lang='lat' dir='ltr'>pretii</span> <span class='ocrx_word' id='word_1_283' title='bbox 1024 2744 1150 2796; x_wconf 90' lang='lat' dir='ltr'>pissis</span> <span class='ocrx_word' id='word_1_284' title='bbox 1193 2743 1264 2797; x_wconf 62' lang='lat' dir='ltr'>jd„</span> <span class='ocrx_word' id='word_1_285' title='bbox 1306 2750 1349 2785; x_wconf 92' lang='lat' dir='ltr'>et</span> <span class='ocrx_word' id='word_1_286' title='bbox 1390 2743 1645 2785; x_wconf 87' lang='lat' dir='ltr'>sotularium</span> <span class='ocrx_word' id='word_1_287' title='bbox 1683 2744 1753 2798; x_wconf 86' lang='lat' dir='ltr'>ijd.</span> <span class='ocrx_word' id='word_1_288' title='bbox 1774 2758 1782 2794; x_wconf 90' lang='lat'>;</span> <span class='ocrx_word' id='word_1_289' title='bbox 1829 2751 1872 2785; x_wconf 92' lang='lat' dir='ltr'>et</span> <span class='ocrx_word' id='word_1_290' title='bbox 1913 2757 2014 2785; x_wconf 88' lang='lat' dir='ltr'>con-</span> 
     </span>
     <span class='ocr_line' id='line_1_32' title="bbox 294 2815 2014 2871; baseline 0.002 -16"><span class='ocrx_word' id='word_1_291' title='bbox 294 2815 531 2856; x_wconf 85' lang='lat' dir='ltr'>sideratum</span> <span class='ocrx_word' id='word_1_292' title='bbox 555 2821 620 2855; x_wconf 89' lang='lat' dir='ltr'>est</span> <span class='ocrx_word' id='word_1_293' title='bbox 643 2815 760 2868; x_wconf 87' lang='lat' dir='ltr'>quod</span> <span class='ocrx_word' id='word_1_294' title='bbox 784 2815 942 2857; x_wconf 85' lang='lat' dir='ltr'>debeat</span> <span class='ocrx_word' id='word_1_295' title='bbox 966 2817 1067 2869; x_wconf 90' lang='lat' dir='ltr'>poni</span> <span class='ocrx_word' id='word_1_296' title='bbox 1091 2830 1220 2870; x_wconf 88' lang='lat' dir='ltr'>super</span> <span class='ocrx_word' id='word_1_297' title='bbox 1242 2817 1280 2858; x_wconf 85' lang='lat' dir='ltr'>le</span> <span class='ocrx_word' id='word_1_298' title='bbox 1302 2817 1537 2871; x_wconf 87' lang='lat' dir='ltr'>pillour[y].</span> <span class='ocrx_word' id='word_1_299' title='bbox 1759 2828 1875 2870; x_wconf 83' lang='lat'>1254,</span> <span class='ocrx_word' id='word_1_300' title='bbox 1899 2832 1954 2858; x_wconf 93' lang='lat' dir='ltr'>ro.</span> <span class='ocrx_word' id='word_1_301' title='bbox 1981 2829 2014 2870; x_wconf 85' lang='lat'>3.</span> 
     </span>
    </p>
   </div>
   <div class='ocr_carea' id='block_1_6' title="bbox 546 2979 1765 3106">
    <p class='ocr_par' dir='ltr' id='par_1_6' title="bbox 546 2979 1765 3106">
     <span class='ocr_line' id='line_1_33' title="bbox 546 2979 1765 3035; baseline 0.003 -17"><span class='ocrx_word' id='word_1_302' title='bbox 546 2979 863 3019; x_wconf 79' lang='lat' dir='ltr'>XXXV1.-A</span> <span class='ocrx_word' id='word_1_303' title='bbox 872 2980 979 3020; x_wconf 73' lang='lat' dir='ltr'>ctz&#39;ou</span> <span class='ocrx_word' id='word_1_304' title='bbox 991 2981 1073 3032; x_wconf 73' lang='lat' dir='ltr'>for</span> <span class='ocrx_word' id='word_1_305' title='bbox 1090 2981 1172 3021; x_wconf 82' lang='lat' dir='ltr'>loss</span> <span class='ocrx_word' id='word_1_306' title='bbox 1193 2981 1381 3035; x_wconf 76' lang='lat' dir='ltr'>osprofit</span> <span class='ocrx_word' id='word_1_307' title='bbox 1400 2982 1454 3034; x_wconf 86' lang='lat' dir='ltr'>of</span> <span class='ocrx_word' id='word_1_308' title='bbox 1464 2982 1625 3022; x_wconf 65' lang='lat' dir='ltr'>Lentem</span> <span class='ocrx_word' id='word_1_309' title='bbox 1647 2982 1765 3022; x_wconf 78' lang='lat' dir='ltr'>Fair.</span> 
     </span>
     <span class='ocr_line' id='line_1_34' title="bbox 925 3054 1382 3106; baseline 0.004 -13"><span class='ocrx_word' id='word_1_310' title='bbox 925 3064 1118 3105; x_wconf 82' lang='lat'>1312-13,</span> <span class='ocrx_word' id='word_1_311' title='bbox 1143 3054 1297 3095; x_wconf 84' lang='lat' dir='ltr'>March</span> <span class='ocrx_word' id='word_1_312' title='bbox 1321 3065 1382 3106; x_wconf 85' lang='lat'>23.</span> 
     </span>
    </p>
   </div>
   <div class='ocr_carea' id='block_1_7' title="bbox 294 3140 2019 3270">
    <p class='ocr_par' dir='ltr' id='par_1_7' title="bbox 294 3140 2019 3270">
     <span class='ocr_line' id='line_1_35' title="bbox 381 3140 2016 3198; baseline 0.002 -17"><span class='ocrx_word' id='word_1_313' title='bbox 381 3140 607 3194; x_wconf 65' lang='lat' dir='ltr'>SRogerus</span> <span class='ocrx_word' id='word_1_314' title='bbox 644 3142 699 3182; x_wconf 90' lang='lat' dir='ltr'>de</span> <span class='ocrx_word' id='word_1_315' title='bbox 735 3142 980 3184; x_wconf 87' lang='lat' dir='ltr'>Anecastre</span> <span class='ocrx_word' id='word_1_316' title='bbox 1016 3143 1209 3196; x_wconf 86' lang='lat' dir='ltr'>queritur</span> <span class='ocrx_word' id='word_1_317' title='bbox 1242 3144 1296 3184; x_wconf 90' lang='lat' dir='ltr'>de</span> <span class='ocrx_word' id='word_1_318' title='bbox 1336 3143 1539 3196; x_wconf 89' lang='lat' dir='ltr'>Johanne</span> <span class='ocrx_word' id='word_1_319' title='bbox 1582 3144 1710 3198; x_wconf 89' lang='lat' dir='ltr'>Bully</span> <span class='ocrx_word' id='word_1_320' title='bbox 1746 3145 1864 3197; x_wconf 92' lang='lat' dir='ltr'>quod</span> <span class='ocrx_word' id='word_1_321' title='bbox 1901 3144 2016 3185; x_wconf 89' lang='lat' dir='ltr'>idem</span> 
     </span>
     <span class='ocr_line' id='line_1_36' title="bbox 294 3214 2019 3270; baseline 0.003 -16"><span class='ocrx_word' id='word_1_322' title='bbox 294 3214 519 3267; x_wconf 89' lang='lat' dir='ltr'>Johannes</span> <span class='ocrx_word' id='word_1_323' title='bbox 560 3215 689 3264; x_wconf 86' lang='lat' dir='ltr'>venit,</span> <span class='ocrx_word' id='word_1_324' title='bbox 731 3215 802 3256; x_wconf 91' lang='lat' dir='ltr'>die</span> <span class='ocrx_word' id='word_1_325' title='bbox 845 3216 1079 3258; x_wconf 88' lang='lat' dir='ltr'>Dominica</span> <span class='ocrx_word' id='word_1_326' title='bbox 1120 3217 1324 3270; x_wconf 82' lang='lat' dir='ltr'>proxima</span> <span class='ocrx_word' id='word_1_327' title='bbox 1371 3224 1471 3270; x_wconf 88' lang='lat' dir='ltr'>post</span> <span class='ocrx_word' id='word_1_328' title='bbox 1512 3217 1670 3258; x_wconf 85' lang='lat' dir='ltr'>festum</span> <span class='ocrx_word' id='word_1_329' title='bbox 1703 3250 1710 3258; x_wconf 89' lang='lat'><strong>.</strong></span> <span class='ocrx_word' id='word_1_330' title='bbox 1743 3251 1750 3257; x_wconf 91' lang='lat'>.</span> <span class='ocrx_word' id='word_1_331' title='bbox 1783 3251 1790 3258; x_wconf 91' lang='lat'><strong>.</strong></span> <span class='ocrx_word' id='word_1_332' title='bbox 1823 3250 1830 3258; x_wconf 92' lang='lat'><strong>.</strong></span> <span class='ocrx_word' id='word_1_333' title='bbox 1864 3217 2019 3259; x_wconf 86' lang='lat' dir='ltr'>ultimo</span> 
     </span>
    </p>
   </div>
   <div class='ocr_carea' id='block_1_8' title="bbox 360 3303 2016 3399">
    <p class='ocr_par' dir='ltr' id='par_1_8' title="bbox 360 3303 2016 3399">
     <span class='ocr_line' id='line_1_37' title="bbox 363 3303 2016 3345; baseline 0.003 -11"><span class='ocrx_word' id='word_1_334' title='bbox 363 3307 369 3320; x_wconf 96' lang='lat'>¹</span> <span class='ocrx_word' id='word_1_335' title='bbox 396 3303 491 3345; x_wconf 79' lang='lat' dir='ltr'>April</span> <span class='ocrx_word' id='word_1_336' title='bbox 509 3311 558 3344; x_wconf 83' lang='lat'>25,</span> <span class='ocrx_word' id='word_1_337' title='bbox 583 3312 673 3342; x_wconf 86' lang='lat'>1311.</span> <span class='ocrx_word' id='word_1_338' title='bbox 1287 3309 1298 3328; x_wconf 82' lang='lat'>3</span> <span class='ocrx_word' id='word_1_339' title='bbox 1322 3307 1416 3336; x_wconf 81' lang='lat' dir='ltr'>nulla</span> <span class='ocrx_word' id='word_1_340' title='bbox 1441 3306 1519 3337; x_wconf 82' lang='lat' dir='ltr'>talis</span> <span class='ocrx_word' id='word_1_341' title='bbox 1543 3306 1736 3345; x_wconf 50' lang='lat' dir='ltr'>conventia]</span> <span class='ocrx_word' id='word_1_342' title='bbox 1756 3307 1898 3338; x_wconf 86' lang='lat' dir='ltr'>‘nullam</span> <span class='ocrx_word' id='word_1_343' title='bbox 1919 3307 2016 3339; x_wconf 89' lang='lat' dir='ltr'>talem</span> 
     </span>
     <span class='ocr_line' id='line_1_38' title="bbox 360 3357 1590 3399; baseline 0.004 -12"><span class='ocrx_word' id='word_1_344' title='bbox 360 3360 371 3373; x_wconf 85' lang='lat'>²</span> <span class='ocrx_word' id='word_1_345' title='bbox 397 3357 470 3388; x_wconf 82' lang='lat' dir='ltr'>Lest</span> <span class='ocrx_word' id='word_1_346' title='bbox 488 3357 588 3388; x_wconf 80' lang='lat' dir='ltr'>blank</span> <span class='ocrx_word' id='word_1_347' title='bbox 605 3357 638 3388; x_wconf 88' lang='lat' dir='ltr'>in</span> <span class='ocrx_word' id='word_1_348' title='bbox 653 3357 707 3389; x_wconf 84' lang='lat' dir='ltr'>the</span> <span class='ocrx_word' id='word_1_349' title='bbox 723 3358 870 3399; x_wconf 85' lang='lat' dir='ltr'>original.</span> <span class='ocrx_word' id='word_1_350' title='bbox 1223 3359 1500 3398; x_wconf 77' lang='lat' dir='ltr'>conventionem,’</span> <span class='ocrx_word' id='word_1_351' title='bbox 1518 3361 1590 3392; x_wconf 81' lang='lat' dir='ltr'>MS.</span> 
     </span>
    </p>
   </div>
  </div>
 </body>
</html>
