2198 3845
296 434 349 474 50
563 434 781 466 RECORDS
814 434 874 465 OF
908 433 1007 464 THE
1041 432 1276 464 BOROUGH
1311 431 1370 462 OF
1406 431 1752 462 NOTTINGHAM.
1890 418 2015 474 [1271

295 557 483 609 partium
512 558 726 611 scriptura
755 557 937 605 vallatis,
968 567 1137 595 necnon
1169 561 1212 594 et
1242 567 1384 606 poena
1413 560 1588 594 centum
1619 553 1824 593 librarum
1855 549 2024 603 argenti

294 630 477 684 adjecta,
512 631 700 672 fabricae
734 630 910 683 majoris
943 628 1151 669 ecclesiae
1186 627 1476 667 Eboracensis
1508 641 1533 666 a
1567 632 1690 679 parte
1724 638 1810 665 non
1846 629 2026 677 parente

295 704 571 753 ordinationi,
607 703 857 744 diffinitioni
894 709 1079 750 nostrae,
1113 714 1187 740 seu
1226 707 1403 749 statuto,
1437 700 1504 740 vel
1543 700 1685 740 eidem
1731 698 2028 739 fraudulenter

295 778 512 826 obviante,
543 777 881 826 solvendarum;
915 777 969 816 ad
1013 775 1250 828 perfectam
1286 774 1660 827 tranquillitatem,
1693 779 1736 813 et
1770 778 2026 825 perpetuam

297 852 355 892 rei
380 853 648 900 memoriam,
671 852 936 898 ordinamus
960 849 1193 890 statuimus
1223 861 1297 888 seu
1328 847 1577 896 diffinimus,
1607 847 1725 901 quod
1755 846 2027 899 praedictum

299 931 514 965 assartum
548 924 794 964 communis
827 929 1023 976 pastura1
1060 922 1187 962 dictis
1225 921 1521 974 Burgensibus
1555 927 1598 962 et
1627 920 1802 961 villatae
1834 921 1888 960 de
1918 920 2028 960 Not-

296 999 504 1052 yngham,
543 999 636 1038 sine
680 998 997 1050 impedimento
1034 996 1100 1036 vel
1145 995 1493 1035 contradictione
1535 995 1751 1034 dictorum
1793 993 1949 1033 Prioris
1987 999 2030 1033 et

301 1074 567 1121 ConventuS,
605 1072 671 1112 vel
715 1072 1014 1125 cujuscunque
1051 1070 1106 1110 ab
1148 1070 1208 1110 eis
1250 1082 1427 1109 causam
1471 1068 1682 1117 habentis,
1722 1073 1945 1108 remaneat
1988 1067 2029 1106 in

302 1146 516 1195 futurum;
549 1152 591 1186 et
614 1146 731 1198 quod
756 1145 884 1185 nullis
908 1144 1177 1197 temporibus
1202 1143 1486 1195 imposterum
1512 1156 1587 1195 per
1609 1143 1786 1182 eosdem
1811 1142 2033 1194 redigatur

301 1220 343 1259 in
368 1219 593 1259 culturam.
660 1219 718 1259 Et
741 1232 795 1258 ne
817 1218 921 1259 dicti
956 1218 1074 1257 Prior
1103 1224 1145 1257 et
1177 1218 1431 1258 Conventus
1462 1229 1538 1269 per
1567 1216 1679 1255 hanc
1709 1216 2031 1256 ordinationem

303 1299 497 1333 nostram
529 1292 658 1332 nimis
681 1292 921 1340 laedantur,
946 1291 1146 1331 volumus
1173 1297 1215 1331 et
1243 1290 1476 1330 statuimus
1498 1290 1616 1343 quod
1643 1290 1887 1343 Burgenses
1911 1303 2032 1343 prae-

302 1367 417 1415 dicti,
452 1367 540 1406 sive
575 1366 893 1414 Communitas,
927 1371 1150 1418 praestent
1188 1371 1230 1405 et
1263 1364 1435 1405 solvant
1470 1364 1634 1404 eisdem
1674 1365 1808 1404 Priori
1841 1370 1884 1405 et
1919 1364 2033 1406 Con-

302 1441 460 1490 ventui‚
499 1454 577 1494 pro
614 1440 819 1493 dampnis
861 1440 949 1480 suis
991 1446 1033 1480 et
1075 1439 1293 1492 expensiS,
1331 1445 1374 1479 et
1416 1445 1462 1479 ut
1500 1439 1745 1491 gratantius
1783 1438 2032 1491 praemissis

302 1514 592 1563 consentiant,
617 1514 797 1566 triginta
821 1527 989 1553 marcas
1019 1514 1215 1566 argenti;
1248 1513 1480 1553 solvendas
1511 1513 1686 1561 eisdem,
1710 1512 1776 1552 vel
1808 1526 1886 1552 suo
1915 1518 2034 1553 certo

303 1595 537 1637 attornato‚
572 1589 613 1627 in
647 1588 828 1627 ecclesia
862 1588 1052 1629 Sanctae
1086 1587 1253 1627 Mariae
1287 1586 1600 1639 Notyngham',
1632 1586 1844 1635 videlicet,
1881 1586 2033 1626 decem

304 1664 435 1705 libras
458 1676 561 1716 prae
585 1662 797 1709 manibus,
821 1668 863 1702 et
886 1661 992 1701 alias
1015 1662 1166 1701 decem
1191 1661 1321 1700 libras
1343 1660 1540 1700 terminis
1572 1659 1836 1712 subscriptis,
1860 1659 2034 1708 scilicet,

305 1739 346 1778 in
381 1737 491 1778 festo
526 1736 676 1778 Sancti
715 1735 827 1775 Petri
863 1736 916 1775 ad
948 1735 1136 1775 Vincula
1168 1741 1343 1775 centum
1379 1734 1552 1782 solidos,
1585 1740 1628 1774 et
1663 1734 1704 1773 in
1738 1734 1848 1774 festo
1884 1734 2035 1776 Sancti

307 1811 535 1852 Michaelis
557 1816 733 1850 centurn
764 1809 937 1849 solidos.
1003 1809 1090 1849 Res
1120 1809 1252 1849 etiam
1284 1808 1453 1848 ablatas
1483 1808 1572 1847 sive
1599 1807 1812 1848 abductas
1842 1808 1883 1848 in
1915 1821 2036 1861 prae-

307 1891 425 1926 tacta
454 1883 662 1924 violentia
691 1883 819 1935 plene
851 1883 1082 1923 restituant
1115 1882 1207 1922 sine
1241 1895 1371 1922 mora.
1449 1882 1745 1922 Promiserunt
1776 1883 1961 1935 insuper,
1993 1882 2035 1922 in

308 1960 466 2000 virtute
499 1957 759 1998 sacramenti
793 1957 1000 2009 praestiti,
1034 1957 1151 2009 quod
1190 1969 1319 2009 super
1356 1954 1563 1996 aedificiis
1595 1956 1736 1997 dictos
1771 1956 1960 1996 Priorem
1995 1961 2039 1996 et

310 2033 587 2075 Conventum
623 2045 679 2071 ex
715 2032 832 2071 dono
866 2030 1075 2071 willelmi
1110 2031 1164 2070 de
1199 2030 1240 2070 la
1275 2030 1449 2079 Corner,
1485 2030 1526 2070 in
1564 2030 1801 2083 municipio
1835 2030 2038 2082 Notyng-

309 2107 435 2155 ham',
479 2105 846 2157 contingentibus,
900 2104 1064 2144 nullam
1117 2104 1197 2144 sibi
1241 2104 1527 2156 questionem,
1573 2104 1705 2153 litem,
1748 2104 1814 2144 vel
1867 2110 2039 2145 contro-

311 2181 508 2228 versiam,
548 2179 709 2219 moveri
749 2179 1074 2232 procurabunt:
1111 2185 1153 2219 et
1191 2178 1224 2217 si
1268 2178 1496 2230 contingat
1538 2178 1675 2231 (quod
1719 2178 1832 2219 absit
1853 2178 1880 2231 1)
1923 2179 2040 2231 ipsos

315 2255 504 2294 Priorem
529 2259 571 2294 et
602 2253 881 2295 Conventum
916 2266 1045 2305 super
1077 2252 1240 2292 eisdem
1275 2251 1482 2292 aedificiis
1515 2252 1626 2292 trahi
1660 2252 1701 2291 in
1732 2252 1941 2304 placitum
1965 2264 2041 2305 per

313 2341 629 2381 quemcunque,
654 2327 867 2367 auxilium
898 2333 940 2367 et
971 2326 1199 2366 consilium
1223 2326 1340 2379 quod
1370 2332 1586 2378 poterunt,
1610 2326 1703 2366 sine
1722 2326 1828 2378 juris
1861 2326 2040 2376 offensa,

314 2403 478 2443 eisdem
512 2402 765 2454 impendere
803 2414 889 2440 non
929 2406 1207 2453 postponent.
1272 2399 1418 2439 Amici
1452 2399 1584 2440 etiarn
1618 2399 1762 2439 dictae
1793 2400 1950 2440 domus
1987 2401 2043 2440 de

317 2475 519 2519 Shelford
563 2488 732 2515 necnon
776 2481 819 2515 et
864 2474 1020 2514 Prioris
1064 2473 1293 2514 memorati
1333 2473 1592 2513 favorabiles
1635 2479 1760 2514 erunt
1801 2474 1857 2514 de
1898 2480 2043 2515 cetero

316 2550 420 2590 dicti
446 2549 701 2602 Burgenses,
735 2548 845 2589 sicut
888 2548 951 2588 sui
985 2547 1196 2596 benevoli,
1229 2553 1272 2588 et
1304 2547 1511 2596 similiter,
1547 2547 1667 2587 Prior
1707 2553 1750 2587 et
1789 2548 2042 2589 Conventus

319 2623 614 2677 Burgensibus
639 2622 890 2663 memoratis
912 2636 920 2671 ;
953 2628 996 2662 et
1028 2621 1257 2661 occasione
1279 2621 1573 2661 contentionis
1605 2621 1855 2673 praedictae
1877 2621 2041 2662 nullam

318 2698 504 2738 invicem
534 2696 730 2745 inferent,
754 2709 832 2736 nec
855 2695 999 2735 inferri
1025 2695 1194 2743 facient,
1219 2694 1465 2734 molestiam
1489 2708 1564 2734 seu
1587 2708 1834 2747 gravamen.
1890 2695 2044 2735 Brevia

321 2779 467 2813 autem
512 2771 746 2823 impetrata
788 2770 830 2809 in
875 2769 1006 2811 Curia
1058 2768 1238 2809 Domini
1294 2767 1428 2820 Regis
1469 2768 1699 2808 occasione
1749 2768 2044 2809 contentionis

322 2844 581 2898 praedictae,
607 2843 726 2883 Prior
758 2849 801 2883 et
834 2843 1088 2885 Conventus
1121 2841 1279 2882 retrahi
1314 2841 1618 2894 procurabunt,
1642 2841 1718 2881 sed
1751 2842 1823 2894 qui
1857 2842 2046 2883 debeant

324 2924 525 2971 sumptus
563 2917 788 2969 appositos
825 2916 938 2956 circa
975 2916 1280 2956 retractionem
1320 2915 1492 2967 ipsam2
1524 2928 1760 2967 agnoscere
1796 2915 2046 2956 diffinitioni

324 2998 498 3033 nostrae
539 3004 614 3031 seu
661 2996 838 3038 statuto,
881 2990 988 3030 citra
1029 2988 1188 3029 festum
1242 2988 1435 3028 Paschae
1476 2987 1686 3036 faciendo,
1729 2989 1784 3028 de
1834 3002 2047 3029 consensu

325 3065 514 3119 partium
553 3077 832 3104 reservamus.
899 3063 1028 3103 Hanc
1061 3069 1208 3103 autem
1241 3062 1574 3110 ordinationem,
1607 3061 1926 3112 diffinitionem,
1959 3063 2049 3102 sive

325 3144 537 3180 statutum
571 3137 854 3190 solempniter
885 3137 1125 3185 recitatum,
1149 3142 1294 3189 partes
1325 3135 1588 3176 unanimiter
1619 3136 1926 3189 approbarunt.
1991 3136 2049 3176 Et

391 3253 589 3294 ¹pastm·a,]
611 3251 789 3293 ‘pasture,'
806 3259 900 3292 4522.
1256 3260 1297 3280 an
1328 3249 1554 3291 approximate
1586 3250 1779 3281 translation
1810 3260 1870 3282 can
1902 3250 1979 3292 only
2008 3250 2050 3282 be

390 3309 402 3323 ²
426 3306 507 3338 This
538 3313 691 3338 sentence
722 3306 749 3337 is
779 3317 815 3337 so
846 3306 1017 3346 carelessly
1044 3315 1119 3336 con-
1255 3305 1363 3347 given.

327 3360 468 3392 structed
493 3361 561 3392 that
588 3360 609 3392 it
636 3361 661 3391 is
685 3361 800 3403 hardly
824 3360 1029 3402 intelligible,
1056 3360 1119 3391 and
