2198 3845
302 405 383 453 296
564 411 783 444 REcoRDs
816 411 876 444 OF
909 410 1008 442 THE
1041 409 1276 443 BOROUGH
1309 410 1369 442 OF
1404 410 1752 443 NOTTINGHAM.
1889 399 2022 456 [1396

388 534 613 587 Johannes
654 535 708 575 de
752 533 926 586 Baroby
968 539 1011 574 et
1055 533 1268 573 Ricardus
1313 533 1471 586 Roper,
1515 532 1744 573 Decenarii
1797 532 1851 572 ad
1895 530 2025 571 finem

305 609 465 659 Pontis,
503 614 785 662 praesentant
823 621 954 647 unam
994 606 1189 646 affraiam
1228 607 1320 647 sine
1358 606 1570 659 sanguine
1611 619 1741 659 super
1783 605 2026 646 Robertum

304 682 490 733 Fischer,
523 684 577 724 de
611 682 784 731 Castell,
817 696 895 735 pro
928 695 979 722 eo
1011 682 1128 734 quod
1162 681 1410 734 praedictus
1446 681 1664 721 Robertus
1698 680 1858 721 levavit
1891 693 2026 720 unum

303 757 507 798 baculum
531 771 678 797 versus
708 755 977 797 Rachinald1
1002 755 1281 805 Viserkeman,
1304 762 1456 796 contra
1485 768 1638 808 pacem
1670 754 1849 795 Domini
1883 754 2027 807 Regis,

302 838 392 881 etc„
427 832 542 872 unde
579 830 843 872 attachiatus
878 836 952 870 est.
1030 830 1086 870 Et
1121 830 1222 870 inde
1256 830 1370 870 idem
1409 829 1627 870 Robertus
1661 829 1789 878 venit,
1825 835 1868 869 et
1904 827 2029 881 ponit

303 919 348 946 se
371 905 412 945 in
436 905 577 958 gratia
599 904 792 957 Majoris,
815 911 858 945 et
880 903 1009 944 solvit
1032 904 1115 957 vjd.

393 979 610 1019 Robertus
633 979 687 1019 de
711 977 959 1020 Castriffeld
983 984 1026 1018 et
1049 977 1245 1018 Thomas
1268 978 1322 1018 de
1345 977 1512 1027 Arnall,
1533 977 1761 1018 Decenarii
1785 978 1840 1017 de
1857 978 2027 1018 VVeste-

304 1052 438 1101 barre,
481 1058 761 1105 praesentant
804 1065 935 1092 unam
980 1050 1176 1092 affraiam
1219 1053 1311 1092 sine
1353 1052 1566 1105 sanguine
1607 1065 1735 1105 super
1780 1051 2027 1105 Johannem

306 1126 596 1179 Colyngham,
632 1125 806 1166 fratrem
848 1126 1028 1166 Roberti
1067 1127 1121 1166 cle
1159 1126 1437 1179 Colyngham
1479 1126 1640 1167 Fratris
1679 1126 1942 1168 Carmelitae
1976 1126 2030 1166 de

306 1200 592 1254 Notingham,
635 1214 712 1254 pro
753 1214 805 1240 eo
847 1201 963 1253 quod
1007 1200 1255 1253 praedictus
1296 1200 1520 1253 Johannes
1562 1200 1764 1240 tractavit
1806 1199 2028 1240 cultellum

305 1289 431 1315 suum
455 1289 601 1315 versus
637 1275 888 1315 Bertraum1
913 1275 1084 1324 Yriche,
1108 1281 1150 1315 et
1182 1282 1335 1315 contra
1367 1287 1519 1327 pacem
1556 1273 1734 1313 Domini
1772 1273 1915 1326 Regis,
1939 1280 2030 1322 etc„

305 1350 421 1390 unde
454 1349 717 1390 attachiatus
746 1355 822 1398 est,
845 1355 922 1389 etc.
988 1349 1046 1389 Et
1076 1349 1177 1389 inde
1206 1349 1322 1389 idem
1354 1348 1579 1401 Johannes
1602 1348 1731 1397 venit,
1761 1354 1803 1388 et
1832 1347 1957 1401 ponit
1985 1361 2031 1388 se

306 1423 347 1463 in
371 1423 511 1476 gratia
535 1423 726 1475 Majoris,
750 1429 792 1463 et
815 1422 943 1463 solvit
966 1422 1050 1475 vjd.

365 1497 490 1546 Item,
514 1497 723 1550 praedicti
755 1496 985 1537 Decenarii
1016 1503 1298 1549 praesentant
1328 1510 1459 1537 unam
1485 1495 1680 1536 affraiam
1705 1496 1797 1536 sine
1820 1495 2031 1549 sanguine

306 1585 434 1625 super
466 1571 684 1611 Thomam
721 1571 828 1620 Fox,
863 1584 1049 1619 masson‚
1083 1585 1161 1623 pro
1193 1584 1245 1611 eo
1278 1571 1394 1624 quod
1429 1570 1676 1623 praedictus
1709 1570 1905 1610 Thomas
1937 1583 2031 1623 per-

306 1646 505 1687 turbatus
543 1645 621 1686 fuit
658 1652 700 1686 et
739 1646 941 1686 tractavit
978 1645 1208 1686 dolabrum
1246 1659 1372 1685 suum
1411 1652 1562 1686 contra
1600 1658 1734 1685 unum
1770 1651 2030 1685 extraneum

307 1720 473 1774 patriae
504 1720 625 1773 cujus
659 1734 817 1760 nomen
849 1720 1083 1773 ignoratur,
1113 1726 1155 1760 et
1186 1726 1337 1760 contra
1370 1733 1522 1772 pacem
1559 1718 1737 1758 Domini
1774 1718 1918 1771 Regis,
1941 1725 2031 1768 etc.,

308 1794 424 1835 unde
456 1794 719 1835 attachiatus
752 1801 827 1844 est,
858 1801 935 1835 etc.
1002 1795 1058 1835 Et
1092 1794 1192 1834 incle
1224 1794 1338 1834 idem
1373 1794 1569 1834 Thomas
1599 1793 1727 1842 venit,
1757 1800 1800 1834 et
1832 1792 1956 1846 ponit
1988 1806 2033 1833 se

308 1869 349 1909 in
373 1869 513 1922 gratia
536 1869 728 1922 Majoris,
752 1876 793 1909 et
816 1869 944 1909 solvit
968 1869 1072 1922 vjd.:
1105 1868 1531 1921 plegius—Thomas
1555 1867 1719 1907 Arnall.

394 1943 613 1983 walterus
648 1942 857 1991 Fletcher,
884 1943 1150 1982 Decenarius
1180 1943 1233 1982 de
1264 1941 1593 1994 Motehallgate,
1617 1946 1866 1994 praesentat
1899 1954 2031 1981 unam

309 2015 504 2057 affraiam
536 2029 632 2056 cum
663 2017 876 2069 sanguine
905 2030 1034 2069 super
1061 2016 1310 2069 Johannam
1335 2016 1390 2056 de
1421 2016 1580 2056 Bautre
1603 2016 1657 2055 de
1688 2015 2033 2068 Motehallegate

309 2103 457 2130 versus
481 2091 642 2131 Maud1
668 2091 838 2140 Donne,
862 2105 940 2144 pro
970 2105 1021 2131 eo
1044 2092 1160 2143 quod
1192 2090 1416 2143 praedicta
1443 2090 1648 2143 Johanna
1677 2090 1931 2143 perturbata
1953 2089 2034 2130 fuit

309 2170 352 2204 et
385 2164 617 2217 prostravit
652 2178 747 2205 eam
783 2178 912 2218 super
946 2165 1258 2218 pavimentum,
1292 2165 1407 2204 unde
1442 2164 1618 2217 sanguis
1652 2164 1706 2204 cle
1740 2164 1918 2204 brachio
1955 2177 2034 2204 suo

310 2238 457 2287 exivit,
488 2245 530 2278 et
562 2245 713 2279 contra
745 2252 898 2292 pacem
934 2239 1113 2278 Domini
1149 2239 1293 2291 Regis,
1321 2245 1410 2287 etc„
1442 2238 1557 2278 unde
1587 2237 1826 2279 attachiata
1855 2244 1930 2287 est,
1954 2244 2032 2279 etc.

312 2311 370 2352 Et
394 2311 494 2352 inde
516 2314 669 2353 eadem
691 2313 896 2365 Johanna
918 2313 1188 2365 inprisonata
1210 2312 1444 2365 fuit.-vjd.

395 2385 619 2437 Johannes
661 2386 860 2439 Wyrhall
903 2393 945 2427 et
990 2386 1215 2439 Johannes
1260 2387 1466 2435 Lorimer,
1512 2386 1740 2426 Decenarii
1783 2387 1837 2427 de
1880 2385 2035 2427 Bridil-

311 2459 574 2512 smythgate‚
599 2467 880 2513 praesentant
909 2474 1041 2500 unam
1072 2460 1268 2500 affraiam
1299 2461 1391 2501 sine
1420 2461 1632 2513 sanguine
1661 2474 1789 2513 super
1812 2460 2033 2500 Thomam

313 2533 533 2583 Briddam,
566 2534 765 2587 tynkker,
795 2549 874 2587 pro
908 2548 959 2575 eo
988 2535 1104 2587 quod
1141 2535 1387 2587 praedictus
1418 2535 1613 2575 Thomas
1649 2534 1867 2587 alipizavit
1902 2547 2033 2574 unam

312 2606 514 2647 ancillam
551 2607 780 2660 Johannae
817 2609 871 2648 de
915 2608 1121 2661 Crophill‚
1159 2615 1311 2649 contra
1348 2622 1501 2661 pacem
1541 2608 1721 2648 Domini
1762 2608 1906 2662 Regis,
1944 2615 2035 2658 etc,

313 2681 428 2721 unde
460 2682 723 2723 attachiatus
756 2689 830 2731 est,
859 2689 935 2723 etc.
1000 2683 1058 2723 Et
1091 2683 1192 2723 inde
1224 2683 1338 2723 idem
1372 2683 1568 2723 Thomas
1600 2683 1729 2732 venit,
1760 2689 1802 2723 et
1835 2683 1958 2735 ponit
1990 2696 2036 2722 se

314 2754 354 2793 in
379 2755 518 2807 gratia
542 2756 732 2809 Majoris,
757 2762 798 2796 et
821 2756 950 2796 solvit
972 2756 1056 2808 vjd.

403 2829 614 2870 Ricardus
633 2831 686 2870 de
711 2830 940 2883 Lyndeby,
965 2830 1232 2870 Decenarius
1254 2831 1308 2870 de
1333 2831 1606 2883 Bergergate,
1630 2836 1880 2883 praesentat
1902 2843 2034 2870 unam

315 2901 509 2943 affraiam
553 2917 681 2957 super
725 2904 1040 2957 Randulphum
1084 2904 1273 2953 Tailour,
1317 2905 1408 2944 sine
1449 2905 1671 2957 sanguine,
1709 2919 1787 2958 pro
1828 2918 1880 2944 eo
1917 2904 2034 2957 quod

315 2977 561 3029 praedictus
586 2978 876 3030 Randulphus
900 2978 1058 3018 levavit
1087 2991 1222 3018 unum
1244 2977 1492 3031 szkleeffortlc
1513 2992 1660 3018 versus
1686 2978 1934 3030 Johannem
1961 2977 2035 3026 Ile,

315 3057 517 3100 sutorem,
554 3058 596 3092 et
633 3058 783 3092 contra
820 3065 972 3104 pacem
1008 3052 1186 3092 Domini
1228 3052 1371 3104 Regis,
1402 3058 1491 3102 etc„
1521 3052 1637 3092 unde
1666 3051 1929 3092 attachiatus
1959 3057 2034 3099 est,

316 3129 392 3164 etc.
457 3125 515 3164 Et
547 3125 646 3165 inde
679 3125 794 3165 idem
827 3125 1047 3166 Walterus
1079 3126 1208 3174 venit,
1231 3132 1273 3166 et
1303 3126 1427 3178 ponit
1459 3139 1504 3166 se
1536 3126 1577 3165 in
1607 3125 1748 3178 gratia
1777 3124 1969 3178 Majoris,
1993 3130 2036 3165 et

317 3196 447 3238 solvit
468 3197 553 3250 vjd.

406 3271 530 3320 Item,
554 3273 799 3324 praedictus
835 3273 1057 3321 Ricardus,
1089 3272 1356 3313 Decenarius
1388 3273 1442 3313 de
1474 3273 1628 3313 eodem
1658 3272 1764 3322 vico,
1787 3278 2037 3326 praesentat

743 3365 750 3377 ¹
777 3362 884 3393 These
901 3372 1013 3394 names
1029 3372 1150 3403 appear
1166 3362 1198 3393 in
1216 3362 1280 3393 this
1296 3362 1378 3393 form
1396 3361 1427 3393 in
1446 3361 1500 3393 the
1518 3361 1604 3393 Roll.
