2198 3845
293 408 345 458 78
561 416 780 450 RECORDS
811 417 871 449 or
904 417 1004 448 THE
1036 416 1272 449 BOROUGH
1305 415 1366 449 OF
1400 415 1746 450 NOTTINGHAM.
1882 405 2014 459 [1314

293 539 587 592 Burgensibus
619 539 815 592 ejusdem
848 539 985 588 villae,
1009 539 1288 580 concedimus
1318 546 1361 580 et
1389 538 1709 589 confirmamus,
1733 539 1843 580 sicut
1869 544 2014 580 cartae

291 614 539 666 praedictae
562 613 876 654 rationabiliter
898 619 1122 654 testantur.

380 688 437 727 Et
469 687 644 739 insuper
671 687 964 727 concessimus
993 687 1064 737 eis,
1088 701 1166 741 pro
1198 688 1323 729 nobis
1353 696 1395 729 et
1424 689 1655 729 heredibus
1687 689 1855 738 nostris,
1879 689 2008 742 quod,

291 761 390 802 lieet
412 761 492 814 ipsi
516 761 582 802 vel
605 774 754 802 eorum
779 768 1085 811 antecessores,
1111 762 1355 815 Burgenses
1385 763 1580 816 ejusdem
1605 763 1741 812 villae,
1765 763 1910 817 aliqua
1937 763 2003 803 Vel

291 836 506 890 aliquibus
548 836 800 877 libertatum
844 838 1164 890 praedictarum
1206 837 1418 878 hactenus
1470 838 1532 878 usi
1586 852 1671 878 non
1715 837 1884 886 fuerint,
1927 838 2006 891 ipsi

290 918 437 951 tamen
471 917 513 950 et
536 910 716 951 heredes
746 924 795 951 ac
828 924 1097 952 successores
1130 911 1193 952 sui
1225 911 1498 954 libertatibus
1528 912 1620 961 illis,
1651 918 1693 953 et
1725 925 1873 952 earum
1907 925 2011 964 qua-

292 984 405 1033 libet,
429 983 521 1023 sine
549 984 778 1024 occasione
800 984 866 1024 vel
897 985 1214 1038 impedimento
1245 987 1391 1037 nostri,
1414 987 1480 1027 vel
1513 987 1722 1027 heredum
1752 993 2012 1034 nostrorum,

286 1058 630 1111 justitiariorum,
661 1065 943 1108 escaetorum,
974 1059 1292 1110 vicecomitum,
1323 1067 1398 1102 aut
1431 1061 1613 1101 aliorum
1646 1060 1904 1101 ballivorum
1938 1074 2012 1101 seu

291 1132 586 1173 ministrorum
623 1139 869 1174 nostrorum
908 1147 1279 1187 quorumcunque,
1315 1136 1516 1175 decetero
1554 1135 1681 1188 plene
1715 1135 1937 1187 gaudeant
1970 1140 2012 1175 et

291 1212 477 1247 utantur.
562 1207 800 1256 Praeterea,
843 1207 1039 1248 volentes
1088 1208 1251 1249 eisdem
1303 1209 1598 1263 Burgensibus
1644 1210 1830 1262 gratiam
1875 1208 2015 1249 facere

290 1280 558 1333 ampliorem,
582 1281 876 1321 concessimus
899 1282 969 1331 eis,
994 1295 1072 1335 pro
1094 1282 1219 1322 nobis
1243 1290 1284 1323 ct
1307 1283 1538 1324 heredibus
1566 1283 1734 1333 nostris,
1759 1284 1813 1324 ad
1845 1282 2015 1323 melior-

291 1355 482 1395 ationem
506 1354 755 1407 praedictae
777 1355 904 1395 villae
927 1362 1102 1397 nostrae
1126 1356 1423 1409 Notingham',
1447 1364 1489 1398 et
1516 1357 1877 1398 commoditatem
1910 1357 2015 1397 Bur-

290 1428 489 1481 gensium
516 1435 763 1469 nostrorum
795 1429 991 1483 ejusdem
1022 1430 1160 1479 villae,
1183 1438 1230 1471 ut
1260 1444 1312 1471 eo
1340 1431 1615 1484 tranquillius
1645 1431 2017 1485 negotiationibus

290 1503 377 1543 suis
414 1503 639 1543 intendere
672 1503 851 1557 possint,
885 1504 1002 1557 quod
1038 1504 1180 1546 nullus
1213 1519 1362 1546 eorum
1401 1506 1579 1559 placitet
1611 1512 1685 1546 aut
1723 1505 2017 1558 implacitetur

291 1590 436 1618 coram
473 1578 608 1627 nobis,
644 1578 709 1618 vel
745 1578 976 1619 heredibus
1011 1580 1181 1628 nostris,
1212 1586 1287 1620 aut
1321 1579 1537 1633 aliquibus
1568 1579 1812 1633 justitiariis
1846 1579 2014 1628 nostris,

291 1651 357 1692 vel
400 1651 608 1692 heredum
653 1658 912 1701 nostrorum,
955 1660 1082 1694 extra
1124 1652 1309 1706 burgum
1353 1654 1636 1707 praedictum,
1679 1654 1734 1694 de
1775 1653 1898 1694 terris
1940 1660 2015 1694 aut

290 1726 552 1766 tenementis
589 1739 700 1779 quae
737 1733 838 1768 sunt
876 1726 917 1767 in
956 1726 1094 1780 burgo
1131 1727 1366 1780 praedicto,
1399 1742 1473 1769 seu
1508 1729 1563 1769 de
1599 1727 2014 1782 transgressionibus

291 1806 364 1840 aut
397 1800 703 1849 contractibus,
737 1800 802 1840 vel
837 1800 930 1840 aliis
963 1801 1322 1855 quibuscumque,
1357 1802 1396 1842 in
1433 1803 1587 1842 eodem
1622 1802 1760 1855 burgo
1793 1801 1918 1843 factis
1949 1802 2016 1843 vel

290 1874 623 1927 emergentibus,
662 1881 727 1915 set
764 1874 913 1914 omnia
949 1874 1199 1928 hujusmodi
1238 1875 1398 1928 placita
1435 1889 1547 1929 quae
1589 1889 1735 1916 coram
1774 1876 1910 1925 nobis,
1949 1876 2015 1916 vel

290 1949 519 1990 heredibus
549 1949 717 1998 nostris,
741 1956 815 1990 aut
845 1949 1061 2002 aliquibus
1087 1949 1331 2002 justitiariis
1361 1950 1519 1991 nostris
1542 1951 1596 1991 de
1629 1949 1787 1999 Banco,
1810 1950 1876 1991 vel
1910 1949 2015 1999 aliis,

291 2024 557 2064 summoneri
592 2023 823 2077 contigerit
846 2023 912 2063 vel
946 2023 1185 2073 attachiari,
1209 2030 1336 2065 extra
1362 2024 1548 2077 burgum
1579 2024 1851 2078 praedictum
1884 2023 2015 2077 placi-

290 2098 435 2147 tanda,
473 2111 619 2138 coram
660 2098 828 2150 Majore
871 2104 913 2138 et
952 2097 1127 2137 Ballivis
1170 2097 1293 2151 burgi
1332 2097 1553 2150 praedicti,
1592 2097 1664 2151 qui
1702 2111 1781 2151 pro
1817 2103 2016 2151 tempore

290 2172 457 2221 fuerint,
501 2171 610 2212 infra
651 2172 837 2225 burgum
881 2172 1151 2225 praedictum
1204 2172 1467 2225 placitentur
1508 2178 1550 2212 et
1592 2171 1889 2221 terminentur,
1933 2171 2014 2212 nisi

289 2246 450 2300 placita
472 2246 544 2286 illa
567 2253 751 2299 tangant
770 2260 848 2286 nos
871 2246 937 2286 vel
961 2246 1141 2286 heredes
1169 2252 1350 2294 nostros,
1374 2259 1449 2286 seu
1482 2245 1858 2288 Communitatem
1888 2245 2013 2298 burgi

289 2321 524 2373 praedicti:
557 2328 599 2362 et
622 2321 738 2374 quod
763 2334 849 2360 non
881 2327 1100 2373 ponantur
1132 2333 1229 2360 cum
1260 2319 1510 2360 hominibus
1534 2319 1755 2360 forinsecis
1785 2320 1827 2360 in
1858 2319 2014 2369 assisis,

286 2395 450 2447 juratis,
494 2401 568 2435 aut
620 2394 972 2448 inquisitionibus
1019 2394 1246 2447 aliquibus,
1289 2407 1401 2446 quae
1443 2393 1610 2434 ratione
1652 2393 1904 2442 tenementi,
1947 2393 2014 2433 vel

290 2469 696 2522 transgressionum,
732 2475 807 2509 aut
842 2468 1023 2508 aliorum
1059 2468 1334 2520 negotiorum
1365 2466 1676 2507 forinsecorum
1707 2480 2014 2520 quorumcum-

289 2557 383 2598 que,
417 2557 561 2583 coram
597 2543 840 2596 justitiariis
878 2549 952 2583 aut
990 2541 1083 2582 aliis
1121 2541 1328 2582 ministris
1361 2541 1529 2590 nostris,
1562 2541 1628 2580 vel
1666 2541 1875 2581 heredum
1914 2553 2012 2581 nos-

289 2625 464 2666 trorum,
494 2616 747 2656 emerserint
779 2615 1013 2656 faciendae.
1079 2615 1171 2655 Nec
1194 2615 1311 2668 quod
1335 2615 1534 2655 homines
1563 2613 1762 2654 forinseci
1795 2620 2015 2667 ponantur

289 2706 386 2732 curn
411 2691 514 2744 ipsis
539 2689 834 2743 Burgensibus
864 2690 905 2729 in
937 2689 1091 2738 assisis,
1112 2688 1277 2742 juratis,
1301 2695 1376 2728 aut
1406 2688 1758 2741 inquisitionibus
1785 2687 2012 2741 aliquibUS,

288 2779 400 2818 quae
434 2764 601 2805 ratione
634 2771 773 2805 terrae
802 2763 867 2804 vel
902 2763 1141 2804 tenementi
1176 2763 1218 2802 in
1249 2762 1403 2802 eodem
1438 2762 1576 2815 burgo
1608 2761 1904 2811 existentium,
1938 2768 2013 2802 aut

288 2838 693 2892 transgressionum,
717 2843 1032 2886 contractuum,
1056 2850 1130 2877 seu
1155 2836 1336 2876 aliorum
1365 2835 1640 2888 negotiorum
1668 2834 2012 2884 intrinsecorum,

288 2914 330 2953 in
366 2913 520 2953 eodem
556 2912 695 2964 burgo
729 2910 982 2951 emerserint
1016 2910 1283 2963 capiendae;
1319 2915 1384 2949 set
1419 2909 1580 2949 assisae
1614 2908 1721 2957 illae,
1753 2908 1934 2960 juratae,
1969 2914 2012 2948 et

289 2985 590 3039 inquisitiones
631 2985 686 3025 de
727 2984 808 3023 hiis
841 2997 953 3036 quae
994 2983 1036 3023 in
1079 2983 1197 3023 dicto
1239 2983 1378 3035 burgo
1420 2981 1578 3022 fuerint
1619 2988 1903 3034 emergentes,
1935 2995 2012 3034 per

290 3062 533 3112 Burgenses
555 3058 751 3111 ejusdem
774 3056 912 3106 villae,
931 3062 973 3097 et
995 3057 1037 3096 in
1054 3057 1208 3096 eodem
1232 3056 1370 3108 burgo
1392 3054 1681 3103 solummodo,
1705 3053 1821 3104 fiant,
1845 3054 1924 3095 nisi
1944 3068 2009 3095 res

288 3135 408 3186 ipsae
442 3137 627 3184 tangant
661 3144 751 3180 nos,
774 3131 841 3171 vel
876 3131 1056 3170 heredes
1085 3136 1266 3178 nostros,
1295 3142 1370 3169 seu
1407 3128 1782 3170 Communitatem
1811 3128 2006 3181 ejusdem

288 3206 423 3258 burgi.
488 3205 546 3245 Et
568 3205 753 3257 insuper,
778 3217 876 3244 cum
901 3204 1146 3256 Burgenses
1170 3202 1240 3251 illi,
1263 3216 1340 3255 per
1361 3208 1501 3242 cartas
1531 3201 1787 3254 praedictas,
1816 3201 2009 3241 habeant

288 3286 462 3319 returna
483 3277 678 3318 brevium
702 3284 949 3317 nostrorum
973 3283 1015 3317 et
1043 3275 1436 3316 summonitionum
1460 3275 1514 3315 de
1540 3275 1755 3315 scaccario
1784 3280 1933 3314 nostro
1955 3274 2010 3314 de

287 3352 490 3392 omnibus
512 3352 677 3392 dictum
701 3351 887 3404 burgum
918 3349 1284 3402 contingentibus,
1308 3355 1351 3389 et
1373 3348 1552 3401 quidam
1583 3348 1766 3388 ministri
1797 3348 1943 3396 nostri,
1967 3354 2009 3388 et
