2198 3845
323 408 402 448 272
587 408 805 440 RECORDs
838 410 898 441 or
932 411 1030 441 THE
1066 410 1298 441 1103011611
1334 409 1393 439 oF
1430 408 1776 439 NOTTINGHAM.
1913 399 2040 452 [1395

408 529 532 578 Item,
555 529 706 571 dicunt
728 532 845 584 quod
879 545 1031 571 omnes
1064 538 1259 572 textores
1291 530 1577 583 Notingham'
1601 530 1779 583 capiunt
1810 530 1937 569 nimis
1967 543 2045 582 pro

321 608 412 642 arte
448 616 527 643 sua
559 605 816 653 exercenda,
847 604 1048 645 videlicet
1082 605 1137 645 ad
1172 604 1211 644 le
1239 605 1408 656 dozeyn
1447 604 1579 656 panni
1615 604 1675 656 ijs.
1709 610 1752 643 et
1782 603 1979 655 amplius,
2002 609 2045 643 61

319 675 451 716 6113111
481 677 598 728 quod
628 677 809 729 quilibet
838 691 987 717 eorum
1018 678 1135 730 capit
1167 678 1221 717 de
1254 676 1432 716 fullariis
1464 690 1542 729 pro
1574 676 1887 716 deliberatione
1919 676 1973 715 (16
2006 675 2044 715 16

319 749 537 801 dozeynes
560 763 636 802 per
664 764 737 790 605
767 751 901 790 textis
932 751 1001 803 ijd.
1033 750 1099 790 vel
1130 751 1228 803 iijd.,
1259 756 1411 790 contra
1440 756 1653 790 statutum
1687 749 1866 789 Domini
1899 749 2043 800 Regis,

321 829 399 862 616.

407 897 530 945 Item,
563 898 713 938 dicunt
745 899 862 950 quod
897 911 1049 938 omnes
1083 897 1236 938 fullarii
1274 898 1558 950 Notingham'
1582 898 1760 949 capiunt
1791 896 1918 936 nimis
1948 910 2045 935 care

319 983 397 1021 pro
419 976 511 1010 arte
533 984 620 1019 sua,
644 978 720 1011 etc.

407 1044 530 1092 Item,
553 1045 703 1085 dicunt
726 1046 843 1097 quod
873 1058 1025 1085 omnes
1056 1044 1240 1085 factores
1271 1045 1507 1097 caligarum
1542 1043 1825 1095 Notingham'
1850 1043 2045 1083 vendunt

317 1116 478 1169 caligas
520 1118 574 1157 de
625 1131 772 1170 panno
825 1119 1044 1170 inaquato,
1087 1126 1129 1158 et
1172 1118 1354 1170 quilibet
1403 1130 1552 1157 eorum
1603 1117 1854 1156 moderatur
1896 1116 1936 1155 in
1982 1116 2043 1156 lez

317 1203 570 1242 wamppeys
619 1204 813 1243 pannum
866 1192 1094 1243 antiquum
1142 1204 1240 1230 cum
1284 1204 1431 1243 panno
1474 1204 1598 1237 novo,
1642 1190 1696 1229 ad
1739 1190 2043 1242 deceptionem

320 1263 481 1315 populi,
505 1270 582 1304 etc.

407 1336 531 1386 Item,
550 1338 700 1377 dicunt
718 1338 836 1390 quod
860 1351 1012 1377 omnes
1036 1338 1242 1378 tinctores
1265 1350 1509 1390 pannorum
1537 1336 1820 1388 Notingham'
1839 1336 2045 1377 obturant

317 1409 431 1449 viam
467 1410 629 1462 regiam
665 1424 762 1451 cum
799 1411 1089 1463 purpresturis
1123 1411 1178 1451 de
1201 1417 1400 1463 poyelstes,
1431 1418 1473 1450 et
1508 1410 1690 1462 quilibet
1724 1423 1874 1449 eorum
1911 1409 2045 1450 violat

319 1482 432 1522 viam
471 1483 634 1535 regiam
673 1497 770 1523 cum
809 1484 1022 1536 ejectione
1055 1497 1265 1536 aquarum
1300 1484 1402 1524 artis
1435 1497 1596 1532 eorum,
1629 1484 1682 1523 ad
1721 1484 2042 1536 corruptionem

318 1556 451 1596 totius
474 1556 623 1608 populi
649 1556 810 1596 ibidem
835 1558 1129 1605 transeuntis,1
1155 1564 1256 1597 etc.2
1778 1599 1780 1601 ,

405 1630 528 1678 Item,
559 1630 709 1670 dicunt
743 1631 860 1683 quod
900 1631 1117 1671 Robertus
1153 1631 1314 1679 Tewer,
1347 1631 1530 1682 Magota
1567 1630 1784 1679 Farewell,
1818 1631 2042 1682 Johannes

320 1703 450 1752 Boile,
482 1703 728 1743 &Villelmus
765 1704 969 1752 Hochun,
1005 1705 1171 1752 tailour,
1208 1704 1453 1744 &villelmus
1491 1704 1617 1751 Prior,
1649 1703 1844 1743 Thomas
1876 1703 2042 1753 Arnall,

320 1776 535 1816 Henricus
570 1777 741 1830 Smyth,
763 1778 987 1829 Johannes
1020 1778 1075 1817 de
1108 1777 1256 1823 Stoke,
1280 1777 1505 1829 Johannes
1535 1778 1590 1816 (16
1627 1776 1795 1828 Blythe,
1823 1777 2041 1817 Robertus

319 1849 473 1902 Feysy,
505 1851 729 1902 Johannes
765 1851 875 1899 Koo,
912 1851 1204 1903 Randulphus
1249 1851 1363 1898 Fole,
1400 1851 1617 1902 Margeria
1662 1850 1858 1898 Deekon,
1892 1857 1934 1891 61
1966 1852 2040 1904 Jo-

315 1923 481 1963 hannes
525 1924 651 1976 Pacy,
695 1924 940 1964 XVillelmus
984 1924 1172 1971 Tailour,
1213 1924 1438 1976 Johannes
1481 1923 1706 1975 Trumper,
1751 1924 1946 1963 Thomas
1988 1925 2042 1964 de

317 1997 541 2049 Spondon,
570 1997 704 2050 Hugo
730 1997 1026 2045 Lastemaker,
1051 2004 1093 2037 et
1115 1998 1340 2050 johannes
1363 1998 1418 2036 de
1450 1996 1630 2048 Billeby,
1654 2004 1755 2036 sunt
1785 2010 2041 2037 communes

316 2069 627 2111 forstallatores
661 2078 704 2111 et
738 2071 991 2111 collectores
1026 2071 1276 2119 carbonum,
1312 2071 1550 2110 vendentes
1586 2069 1685 2109 6053
1719 2071 1952 2119 excessive,
1986 2072 2041 2111 ad

315 2157 446 2196 grave
468 2145 710 2196 dampnum
735 2145 868 2184 totius
891 2144 1039 2197 populi
1063 2158 1115 2184 eo
1137 2144 1254 2196 quod
1279 2144 1358 2196 ipsi
1383 2142 1545 2182 faciunt
1569 2142 1697 2182 11111115
1720 2143 1874 2191 caros‚4
1896 2150 1972 2183 etc.

404 2218 528 2266 Item,
563 2218 714 2258 dicunt
747 2218 864 2269 quod
899 2231 1051 2257 omnes
1088 2218 1274 2257 tannarii
1314 2223 1540 2256 manentes
1578 2217 1618 2255 in
1658 2216 1957 2257 Littilmerche
1988 2218 2042 2257 de

318 2291 602 2343 Notingham’
644 2304 700 2331 ex
750 2298 872 2343 parte
921 2291 1097 2331 australi
1140 2292 1347 2331 obturant
1390 2304 1548 2343 aquam
1599 2303 1878 2330 communem
1929 2304 2042 2344 quae

316 2371 495 2404 vocatur
527 2365 693 2404 ‘Lene’
727 2377 825 2404 cum
854 2364 1032 2413 stakkes,
1054 2364 1193 2417 pollis,
1226 2371 1269 2404 et
1301 2364 1501 2405 turbariis
1535 2364 1576 2403 in
1609 2370 1807 2416 tempore
1840 2364 1912 2404 lini
1936 2364 2040 2417 (sic),

316 2443 359 2478 et
377 2437 525 2490 jacent
547 2438 663 2478 coria
685 2451 762 2477 sua
785 2438 826 2477 in
851 2438 1074 2490 praedicta
1096 2451 1220 2490 aqua,
1244 2438 1298 2478 ad
1323 2450 1532 2490 magnum
1563 2443 1875 2477 nocumentum
1907 2437 2040 2478 totius

316 2511 465 2563 populi
489 2518 531 2551 et
554 2511 680 2551 villae
704 2512 963 2563 praedictae,
987 2518 1064 2551 616.

404 2584 527 2631 Item,
551 2585 701 2624 dicunt
730 2585 847 2636 quod
878 2585 1094 2636 quaedam
1126 2584 1294 2624 venella
1327 2584 1535 2623 existeret
1565 2583 1810 2622 communis
1845 2584 1885 2622 in
1921 2583 2039 2624 (11610

316 2657 509 2705 marisco,
533 2671 644 2709 quae
673 2658 789 2709 jacet
821 2657 931 2697 inter
961 2663 1261 2697 tenementum
1295 2656 1469 2696 Ricardi
1493 2657 1548 2695 de
1579 2656 1843 2697 Chillewelle
1872 2669 1928 2696 ex
1952 2669 2039 2696 una

315 2736 437 2782 parte
459 2738 501 2770 et
524 2737 824 2770 tenementum
847 2730 1061 2782 Johannis
1084 2729 1292 2782 Albayne
1321 2743 1377 2769 ex
1408 2729 1543 2769 311613
1573 2736 1706 2782 parte,
1729 2743 1841 2782 quae
1871 2729 2039 2770 venella

315 2803 519 2843 obturata
540 2810 616 2851 est,
639 2810 682 2843 61
705 2816 791 2842 11011
816 2803 968 2843 existit
991 2803 1134 2852 modo,
1158 2809 1236 2843 616.

404 2876 528 2924 Item,
569 2876 720 2916 dicunt
761 2876 879 2928 quod
925 2876 1122 2929 Rogerus
1166 2876 1413 2928 Wappelod
1456 2882 1499 2916 et
1541 2875 1787 2915 willelmus
1828 2876 1883 2916 de
1926 2876 2037 2916 Nor-

316 2955 496 2989 manton
517 2948 686 3001 jactant
709 2949 860 2989 fimum
885 2950 926 2989 in
953 2950 1066 2989 Foro
1090 2949 1273 2991 Sabbati
1296 2949 1338 2988 in
1361 2949 1554 3001 quodam
1578 2948 1807 3001 curtilagio
1829 2949 2037 2989 willelmi

315 3022 369 3061 de
401 3021 679 3074 Thrumpton
709 3021 841 3074 juxta
873 3022 911 3061 le
945 3022 1130 3074 Drapry,
1154 3022 1207 3062 ad
1243 3035 1451 3074 magnum
1482 3028 1795 3062 nocumentum
1829 3022 2036 3062 willelmi

318 3094 526 3146 praedicti
550 3102 593 3135 et
615 3095 748 3136 totius
770 3095 1054 3148 vicini[tatis],
1077 3102 1154 3136 etc.

383 3227 392 3240 ¹
416 3225 648 3263 transeuntz's‚]
705 3224 987 3262 ‘transeuntium,'
1034 3225 1106 3256 MS.
1307 3227 1319 3240 ²
1343 3223 1424 3254 This
1450 3229 1672 3264 presentment
1701 3223 1727 3254 is
1754 3224 1933 3262 caneelhed,
1964 3234 2035 3265 pro-

316 3277 397 3308 This
435 3278 569 3318 reading
606 3277 777 3309 continues
815 3278 1013 3318 throughout
1057 3278 1111 3309 the
1243 3277 1341 3318 bably
1354 3288 1396 3308 on
1409 3283 1546 3308 account
1561 3277 1597 3307 of
1609 3277 1665 3308 the
1681 3277 1802 3308 similar
1815 3284 2036 3318 presentment

317 3333 388 3369 roll,
415 3333 478 3363 and
504 3333 529 3363 is
553 3333 629 3364 here
654 3333 765 3374 tacitly
790 3333 967 3364 corrected.
1244 3332 1339 3362 made
1356 3331 1481 3373 against
1499 3331 1554 3362 the
1570 3331 1665 3372 dyers
1683 3331 1724 3373 by
1742 3342 1846 3363 name.
