2198 3845
325 386 403 436 136
589 395 807 427 RECORDS
839 396 899 427 OF
932 396 1032 426 THE
1064 396 1300 428 BOROUGH
1333 395 1392 427 or
1427 395 1773 427 NOTTINGHAM.
1907 384 2039 441 [1339

409 516 682 559 II.—Sciant
713 524 963 570 praesentes
995 523 1038 558 et
1068 517 1197 558 futuri
1230 517 1347 570 quod
1380 530 1462 570 ego
1494 516 1740 575 §Villelmus
1772 517 1826 557 de
1858 515 2041 569 Amyas,

320 589 375 629 de
405 590 690 644 Notingham,
714 591 825 639 dedi,
849 590 1053 639 concessi,
1076 597 1119 631 et
1147 590 1229 631 hac
1257 590 1475 644 praesenti
1504 596 1623 631 carta
1652 603 1750 630 mea
1777 589 2041 639 confirmavi,

320 663 542 704 Willelmo
575 664 630 704 de
670 663 884 713 Holbeck,
919 664 1156 717 capellano,
1191 664 1339 705 divina
1371 664 1551 717 singulis
1583 664 1737 704 diebus
1770 664 1812 704 in
1847 663 2044 704 Ecclesia

322 737 485 778 Beatae
519 738 686 778 Mariae
721 738 1076 791 Notinghamiae,
1111 752 1189 791 pro
1223 738 1371 778 anima
1407 751 1505 778 mea
1540 744 1583 779 et
1617 737 1763 778 anima
1797 738 2042 790 Margeriae

321 811 470 851 uxoris
504 825 626 852 meae
655 825 704 852 ac
739 812 954 864 Johannis
989 811 1062 852 filii
1100 812 1195 862 mei,
1225 819 1268 853 et
1303 812 1531 853 animabus
1565 818 1739 865 patrum
1775 817 1819 852 et
1853 817 2041 852 matrum

320 891 578 935 nostrorum,
617 892 659 926 et
697 885 929 926 liberorum
968 892 1226 936 nostrorum,
1261 900 1310 927 ac
1347 887 1544 927 omnium
1582 892 1904 926 antecessorum
1943 898 2041 926 nos-

319 965 495 1009 trorum,
519 965 562 999 et
595 960 792 999 omnium
829 959 1020 1000 fidelium
1050 959 1366 1009 defunctorum,
1397 959 1676 1008 celebraturo,
1706 959 1898 1012 quinque
1931 972 2042 999 mar-

319 1039 438 1072 catas
473 1039 516 1073 et
549 1033 702 1086 viginti
735 1033 967 1074 denaratas
1001 1034 1133 1074 annui
1169 1034 1389 1083 redditus;
1422 1033 1647 1073 habendas
1679 1039 1722 1072 et
1753 1032 1965 1072 tenendas
1999 1038 2043 1073 et

321 1107 556 1159 capiendas
589 1107 731 1147 eidem
764 1107 986 1148 willelmo
1019 1108 1073 1148 de
1108 1107 1322 1157 Holbeck,
1352 1114 1395 1148 et
1427 1105 1746 1147 successoribus
1778 1105 1876 1154 suis,
1899 1105 2041 1158 capel-

319 1180 439 1230 lanis,
463 1181 611 1221 divina
633 1181 813 1234 singulis
836 1181 989 1222 diebus
1012 1182 1054 1221 in
1077 1182 1231 1222 eadem
1254 1181 1435 1221 ecclesia
1457 1193 1535 1233 pro
1557 1179 1786 1220 animabus
1808 1179 2041 1231 praedictis

318 1254 641 1308 imperpetuum
694 1255 1000 1305 celebraturis;
1058 1255 1269 1303 videlicet,
1321 1254 1376 1294 de
1426 1260 1680 1294 tenemento
1733 1252 1925 1301 Roberti,
1967 1251 2041 1292 filii

318 1328 566 1369 Alexandri
593 1329 716 1382 Hiry,
737 1329 910 1382 jacente
943 1329 984 1368 in
1018 1330 1130 1370 Vico
1164 1328 1502 1369 Lorimeriorum
1537 1326 1891 1379 Notinghamiae‚
1914 1339 2043 1379 super

318 1416 544 1443 corneram
597 1417 653 1443 ex
696 1404 900 1456 opposito
942 1403 1180 1444 tenementi
1226 1401 1401 1442 Ricardi
1447 1401 1617 1450 Dodde,
1659 1407 1745 1440 tres
1793 1400 1956 1440 solidos
1998 1406 2041 1440 et

317 1484 505 1530 quatuor
536 1478 764 1528 denarios,
797 1484 839 1518 et
873 1478 927 1517 de
961 1484 1216 1518 tenemento
1249 1475 1463 1529 Johannis
1492 1476 1547 1515 de
1580 1476 1837 1515 watenowe
1868 1474 2041 1526 jacente

318 1550 360 1590 in
399 1551 554 1591 eodem
591 1551 686 1591 vico
717 1551 849 1604 juxta
882 1558 1183 1592 tenementum
1219 1549 1429 1603 praedicti
1466 1549 1658 1597 Roberti,
1683 1547 1756 1588 filii
1793 1548 2041 1589 Alexandri

320 1624 444 1678 Hiry,
482 1639 539 1665 ex
574 1631 698 1678 parte
734 1625 922 1674 australi,
958 1626 1075 1678 quod
1119 1625 1296 1678 quidem
1339 1629 1640 1664 tenementum
1683 1621 1930 1675 praedictus
1965 1622 2040 1675 Jo-

317 1698 484 1740 hannes
525 1700 580 1740 de
621 1700 878 1740 &Vatenowe
920 1699 1052 1739 habet
1089 1713 1146 1739 ex
1183 1699 1301 1738 dono
1338 1704 1380 1738 et
1417 1695 1700 1737 feoffamento
1742 1694 1950 1736 willelmi
1987 1696 2042 1736 de

319 1773 539 1826 Crophull,
563 1780 649 1814 tres
682 1774 844 1814 solidos
874 1780 916 1814 et
946 1780 1133 1826 quatuor
1161 1772 1388 1821 denarios;
1421 1778 1464 1811 et
1486 1771 1540 1811 de
1572 1770 1644 1810 illo
1674 1769 1898 1822 mesuagio
1920 1770 2038 1822 quod

316 1848 565 1900 praedictus
596 1848 821 1900 Johannes
850 1848 905 1887 de
936 1847 1193 1887 XVatenowe
1225 1846 1279 1886 de
1314 1859 1383 1885 me
1415 1851 1535 1885 tenet
1569 1844 1610 1883 in
1646 1843 1775 1884 feodo
1808 1843 1850 1882 in
1885 1843 2039 1883 eadem

315 1920 427 1970 villa,
469 1928 512 1962 et
550 1921 668 1975 jacet
709 1922 750 1961 in
793 1921 948 1961 eodem
990 1921 1086 1961 vico
1128 1920 1239 1960 inter
1280 1925 1580 1960 tenementum
1624 1930 1769 1957 meum
1818 1930 1875 1957 ex
1917 1923 2040 1970 parte

316 1995 504 2045 australi,
535 2002 577 2036 et
609 2002 910 2036 tenementum
943 1994 1153 2048 praedicti
1189 1993 1403 2047 Johannis
1440 1993 1495 2033 de
1530 1992 1788 2032 Watenowe
1823 2004 1881 2031 ex
1917 1997 2041 2044 parte

316 2068 480 2118 boriali,
515 2070 739 2122 quondam
775 2075 1075 2110 tenementum
1110 2068 1319 2108 willelmi
1351 2067 1406 2107 de
1440 2065 1660 2119 Crophull,
1695 2064 1848 2118 viginti
1882 2071 1925 2106 et
1958 2078 2038 2106 sex

317 2142 479 2183 solidos
517 2150 559 2184 et
596 2150 696 2184 octo
733 2143 961 2193 denarios;
1009 2150 1051 2184 et
1088 2143 1142 2183 de
1178 2142 1382 2182 omnibus
1419 2139 1681 2181 tenementis
1714 2139 1961 2192 jacentibus
1997 2140 2039 2179 in

316 2217 472 2257 eodem
509 2217 606 2258 vico
644 2218 755 2258 inter
791 2224 1093 2258 tenementum
1136 2216 1361 2270 quondam
1403 2214 1612 2255 Vv'illelrni
1655 2214 1710 2254 de
1753 2214 1947 2266 Depyng
1983 2227 2040 2253 ex

316 2298 440 2344 parte
474 2292 662 2341 australi,
693 2299 736 2333 et
770 2298 1072 2333 tenementum
1107 2290 1317 2344 praedicti
1353 2289 1568 2342 Johannis
1601 2289 1656 2329 de
1692 2288 1950 2328 &Vatenowe
1983 2301 2040 2328 ex

317 2372 440 2418 parte
475 2365 639 2415 boriali,
675 2367 854 2420 triginta
889 2366 1078 2416 solidos3
1113 2372 1156 2406 et
1193 2366 1247 2406 de
1281 2364 1485 2405 omnibus
1519 2362 1782 2404 tenementis
1816 2362 2039 2415 quondam

314 2439 530 2492 Johannis
565 2440 620 2481 de
656 2440 914 2480 Peverwich'
948 2439 1195 2493 jacentibus
1232 2439 1275 2479 in
1313 2439 1466 2479 eadem
1507 2436 1610 2477 villa
1646 2436 1688 2476 in
1728 2436 1841 2476 Foro
1876 2435 2040 2484 Sabati,

315 2526 445 2566 super
473 2527 698 2554 corneram
724 2514 856 2567 juxta
884 2514 923 2554 le
947 2514 1152 2562 Coulane,
1176 2513 1368 2566 quinque
1397 2511 1579 2552 solidos:
1607 2510 1780 2559 scilicet,
1803 2509 1858 2550 ad
1881 2508 2039 2550 festum

319 2586 591 2627 Inventionis
636 2588 827 2630 Sanctae
880 2587 1030 2629 Crucis
1082 2587 1261 2640 triginta
1312 2592 1355 2626 et
1396 2592 1584 2638 quatuor
1634 2584 1796 2624 solidos
1847 2590 1890 2624 et
1930 2583 2040 2623 duos

316 2660 529 2710 denarios,
553 2668 597 2702 et
630 2662 685 2702 ad
719 2661 879 2702 festum
915 2661 1066 2703 Sancti
1100 2659 1280 2700 Martini
1315 2660 1357 2699 in
1392 2659 1533 2699 Yeme
1566 2657 1746 2710 triginta
1779 2663 1822 2697 et
1855 2663 2042 2710 quatuor

317 2734 480 2775 solidos
518 2742 561 2776 et
596 2736 705 2775 duos
738 2735 948 2776 denarios.
1013 2734 1218 2776 Concessi
1252 2733 1383 2774 etiam
1416 2733 1558 2773 eidem
1590 2731 1813 2772 willelmo
1841 2731 1896 2771 de
1930 2730 2039 2770 Hol-

316 2807 427 2848 beck
460 2815 502 2849 et
537 2809 747 2849 Gervasio
779 2809 833 2848 de
867 2808 1042 2856 Barton,
1073 2807 1319 2860 capellanis,
1346 2814 1389 2847 et
1422 2805 1741 2846 successoribus
1770 2805 1868 2853 suis,
1897 2804 2039 2857 capel-

317 2880 438 2930 lanis,
461 2888 649 2934 quatuor
677 2882 886 2922 solidatas
916 2888 959 2922 et
981 2895 1060 2921 sex
1083 2882 1315 2921 denaratas
1345 2880 1476 2920 annui
1506 2879 1699 2920 redditus
1729 2878 1963 2932 capiendas
1985 2878 2040 2918 de

317 2960 572 2995 tenemento
605 2955 788 2996 Galfridi
822 2955 986 3008 Stoyle‚
1018 2954 1150 3007 [elc.]1
1914 2952 2036 3001 4376.

533 3062 551 3098 I
575 3061 690 3098 make
711 3060 787 3098 this
808 3061 959 3099 chartre
978 3060 1070 3097 with
1090 3061 1126 3097 al
1146 3072 1211 3109 my
1231 3058 1329 3097 wille
1562 3091 1569 3098 .

533 3123 699 3160 Goddes
721 3122 867 3160 service
888 3124 946 3160 for
966 3129 1007 3160 to
1027 3123 1082 3159 ful
1103 3122 1180 3159 fille
1503 3058 1531 3169 }
1560 3105 1599 3129 m
1619 3092 1734 3138 dede'
1780 3076 1808 3174 ἶ

533 3184 639 3221 Ther
659 3185 740 3222 fore
761 3184 844 3221 shal
864 3184 913 3221 he
933 3184 1032 3221 have
1048 3196 1100 3221 no
1120 3183 1219 3220 lesse

533 3245 648 3283 Then
670 3246 834 3284 Goddes
855 3258 968 3283 cours
989 3245 1072 3283 that
1093 3244 1257 3282 sturbles
1276 3242 1352 3281 this
1373 3181 1530 3293 messe}
1559 3223 1599 3253 to
1620 3215 1745 3253 mede'
1783 3174 1817 3278 ί

433 3342 440 3354 ¹
468 3338 549 3369 This
566 3339 649 3370 deed
668 3338 746 3370 then
763 3338 922 3380 proceeds
938 3338 971 3369 in
988 3338 1044 3369 the
1061 3349 1150 3370 same
1167 3337 1274 3369 words
1289 3347 1324 3368 as
1342 3336 1425 3368 deed
1443 3337 1508 3367 No.
1530 3336 1571 3373 1.‚
1591 3335 1729 3366 mutatis
1745 3333 1925 3365 mutandis.
