2198 3845
336 394 412 442 146
594 404 812 437 RECORDS
845 406 905 437 OF
938 406 1037 436 THE
1070 406 1305 437 BOROUGH
1339 406 1399 437 OF
1434 406 1780 438 NOTTINGHAM.
1916 396 2046 449 [1352

331 522 525 564 Roberto
547 526 602 565 de
632 526 806 576 Beston,
833 527 1022 567 Ricardo
1051 527 1106 567 de
1135 527 1382 580 Mampton,
1408 527 1604 568 Roberto
1632 528 1687 568 de
1717 526 1913 569 Chilwell
1943 532 2048 567 tunc

328 596 493 646 clerico,
528 605 571 639 et
604 599 707 639 aliis.
772 600 939 640 Datum
975 601 1091 653 apud
1130 601 1418 653 Notingham,
1452 602 1523 641 die
1555 602 1677 654 Jovis
1711 601 1916 654 proximo
1949 607 2050 654 post

328 669 486 710 festum
518 672 668 713 Sancti
697 673 912 725 Johannis
944 674 1180 726 Baptistae,
1211 687 1327 714 anno
1356 675 1476 727 regni
1509 675 1643 727 Regis
1674 675 1880 715 Edwardi
1910 674 2048 714 Tertii

328 750 427 795 post
451 745 751 798 Conquestum
776 746 968 799 Angliae
990 748 1197 787 vicesimo
1219 748 1420 787 secundo.
1922 759 2046 798 4400.

545 917 650 956 LXI
658 917 942 958 X.—L2'cence
962 919 1016 970 os
1027 918 1270 959 Asortmain
1282 920 1364 970 sm*
1385 919 1428 959 S.
1444 919 1595 973 solzn’s
1616 919 1825 971 Hospz'tal.

947 1019 959 1046 1
972 1018 992 1057 3
1002 1017 1063 1058 50,
1088 1008 1348 1060 September
1372 1019 1432 1048 20.

413 1110 732 1159 1EDWARDUS,
768 1112 850 1151 Dei
885 1112 1047 1161 Gratia,
1079 1113 1178 1153 Rex
1212 1114 1403 1166 Angliae
1432 1121 1474 1154 et
1510 1114 1727 1162 Franciae‚
1751 1121 1794 1154 et
1828 1113 2046 1153 Dominus

327 1183 576 1232 Hiberniae,
606 1185 809 1225 omnibus
839 1186 893 1226 acl
921 1200 1030 1238 quos
1060 1195 1309 1239 praesentes
1339 1188 1508 1228 litterae
1534 1188 1818 1240 pervenerint,
1848 1187 2045 1227 salutem.

325 1257 481 1298 Sciatis
523 1259 651 1310 quod,
695 1260 749 1299 de
799 1260 939 1312 gratia
987 1267 1136 1300 nostra
1177 1261 1364 1314 speciali,
1406 1261 1700 1301 concessimus
1741 1267 1784 1301 et
1825 1260 2045 1300 licentiam

319 1331 530 1380 dedimus,
554 1346 632 1384 pro
655 1333 779 1372 nobis
802 1340 845 1373 et
867 1334 1098 1374 heredibus
1121 1335 1289 1384 nostris,
1312 1342 1526 1387 quantum
1550 1335 1591 1374 in
1622 1334 1748 1374 nobis
1777 1340 1853 1383 est,
1876 1333 2046 1374 dilectis

319 1404 443 1444 nobis
462 1405 502 1444 in
525 1405 699 1446 Christo
718 1407 933 1458 Magistro
951 1414 993 1447 et
1014 1407 1236 1447 Fratribus
1255 1407 1335 1460 [et]
1355 1407 1603 1460 Capellanis
1625 1407 1870 1459 Hospitalis
1894 1407 2046 1449 Sancti

317 1478 531 1530 Johannis
556 1479 872 1532 Nottingham',
897 1481 1013 1532 quod
1045 1481 1123 1533 ipsi
1149 1487 1283 1521 terras
1307 1488 1349 1521 et
1372 1487 1625 1521 tenementa
1647 1494 1745 1520 cum
1770 1480 2044 1533 pertinentiis

319 1553 372 1591 ad
408 1552 599 1592 valorem
635 1554 785 1593 decem
823 1553 1026 1593 librarum
1062 1568 1138 1606 per
1171 1568 1346 1603 annum,
1381 1560 1471 1594 tam
1506 1554 1561 1594 de
1594 1553 1723 1593 feodo
1757 1566 1836 1593 suo
1869 1553 2046 1606 proprio

318 1639 449 1677 quam
474 1626 626 1674 alieno,
649 1627 846 1679 exceptis
879 1628 1002 1667 terris
1035 1635 1077 1668 et
1109 1628 1371 1668 tenementis
1394 1641 1506 1680 quae
1528 1628 1583 1667 de
1615 1627 1740 1667 nobis
1769 1633 1972 1667 tenentur
2002 1627 2043 1666 in

317 1700 470 1752 capite,
505 1701 732 1753 adquirere
766 1702 960 1754 possint:
997 1702 1201 1741 habenda
1234 1709 1277 1742 et
1311 1703 1502 1742 tenenda
1535 1701 1615 1741 sibi
1650 1707 1692 1742 et
1726 1701 2045 1741 successoribus

317 1773 403 1812 suis
422 1773 755 1827 imperpetuum,
776 1776 954 1817 Statuto
972 1776 1026 1815 de
1048 1776 1171 1816 terris
1194 1782 1236 1816 et
1259 1776 1520 1816 tenementis
1543 1776 1597 1816 ad
1622 1789 1801 1815 manum
1825 1781 2043 1815 mortuam

318 1860 403 1886 non
428 1849 642 1900 ponendis
665 1850 784 1889 edito
807 1863 892 1889 non
924 1849 1156 1898 obstante;
1188 1849 1293 1889 dum
1326 1856 1474 1889 tamen
1505 1862 1581 1901 per
1609 1848 1912 1901 inquisitiones
1942 1848 2045 1888 inde

316 1920 357 1959 in
390 1921 529 1961 forma
561 1923 709 1962 debita
732 1922 963 1971 faciendas,
987 1929 1029 1963 et
1062 1923 1102 1962 in
1139 1922 1408 1964 Cancellaria
1441 1929 1598 1971 nostra,
1622 1922 1688 1962 vel
1712 1922 1922 1962 heredum
1945 1935 2043 1961 nos-

316 2001 493 2044 trorum,
517 1996 596 2035 rite
628 1996 963 2049 retor[n]andas‚
997 2002 1270 2048 compertum
1303 1996 1357 2035 sit
1389 1996 1506 2048 quod
1530 1996 1572 2035 id
1606 1995 1694 2035 fieri
1719 1995 1855 2048 possit
1878 1995 2044 2047 absque

316 2069 511 2121 dampno
545 2083 619 2109 seu
652 2070 919 2122 praejudicio
954 2070 1087 2109 nostri
1123 2069 1189 2109 vel
1224 2069 1432 2109 heredum
1468 2075 1727 2118 nostrorum,
1749 2082 1824 2108 seu
1859 2068 2041 2108 aliorum

316 2156 701 2195 quorumcumque.
768 2144 818 2183 In
854 2144 975 2196 cujus
1011 2143 1069 2182 rei
1104 2143 1403 2183 testimonium
1439 2142 1516 2181 has
1551 2142 1715 2182 litteras
1749 2148 1920 2182 nostras
1953 2141 2042 2182 fieri

316 2216 496 2256 fecimus
519 2224 729 2269 patentes.
793 2218 926 2257 Teste
957 2231 1026 2257 me
1055 2217 1149 2269 ipso
1179 2217 1294 2268 apud
1327 2216 1539 2268 Clipston,
1563 2230 1638 2255 xx.
1669 2216 1739 2255 die
1770 2215 2042 2268 Septembris

317 2303 432 2329 anno
456 2291 574 2341 regni
600 2292 734 2330 nostri
759 2291 950 2343 Angliae
973 2290 1124 2342 xxiiij„
1150 2291 1268 2341 regni
1293 2303 1394 2329 vero
1417 2290 1551 2329 nostri
1577 2289 1786 2329 Franciae
1808 2289 1866 2341 xj.

1347 2363 1426 2402 Per
1447 2362 1577 2402 breve
1598 2363 1652 2402 de
1678 2363 1851 2403 Privato
1875 2362 2039 2415 Sigillo.

1766 2446 1890 2486 4770,
1914 2449 1951 2488 P·
1977 2446 2040 2486 23·

510 2682 1040 2722 LXX.—Jl2'sbelmw·0m
1058 2682 1112 2732 os
1123 2681 1190 2721 tlce
1213 2680 1493 2733 Sub-Bailzff
1505 2687 1544 2720 to
1566 2680 1632 2720 {lle
1654 2680 1776 2720 Baz'lz'
1808 2694 1837 2719 s.

945 2780 1109 2822 1351-2,
1131 2771 1327 2823 January
1351 2780 1411 2820 25.

402 2877 635 2930 [Ricardus
657 2876 730 2929 de]
754 2877 988 2929 Mampton
1012 2882 1055 2916 et
1085 2875 1298 2916 Ricardus
1321 2876 1375 2915 de
1407 2875 1700 2924 Pollesworth,
1726 2875 1880 2916 Ballivi
1911 2876 2040 2917 villae

316 2950 600 3002 Notingham,
638 2955 877 3002 queruntur
913 2949 968 2990 de
1006 2949 1222 2989 Nicholao
1258 2949 1313 2989 de
1355 2949 1474 2991 Oure
1510 2949 1565 2989 de
1601 2949 1763 3002 placito
1799 2955 2038 3003 transgres-

313 3024 457 3072 sionis,
480 3024 535 3063 de
566 3037 618 3063 eo
640 3024 756 3076 quod
789 3023 862 3063 ubi
892 3023 1140 3076 praedictus
1164 3022 1453 3076 [Nicholaus],
1476 3023 1546 3063 die
1576 3023 1811 3063 Dominica
1833 3023 2039 3076 proxima

313 3104 412 3150 post
434 3097 593 3138 festum
625 3097 775 3139 Sancti
805 3096 1034 3137 Michaelis
1062 3096 1342 3148 Archangeli,
1366 3109 1482 3136 anno
1511 3097 1631 3149 regni
1663 3096 1798 3149 Regis
1832 3097 2038 3137 Edwardi

311 3172 447 3212 Tertii
488 3177 588 3223 post
631 3171 932 3223 Conquestum
975 3170 1167 3223 Angliae
1209 3169 1388 3222 xxvjt0,2
1424 3168 1689 3210 attachiatus
1732 3169 1812 3210 fuit
1853 3170 1908 3210 ad
1951 3184 2036 3210 ser-

380 3272 388 3285 ¹
415 3269 514 3298 From
532 3266 687 3298 Greaves’
705 3278 833 3308 papers.
1241 3277 1317 3307 year
1334 3267 1370 3297 of
1390 3266 1533 3297 Edward
1559 3267 1623 3297 111.
1642 3277 1650 3303 ;
1676 3267 1821 3308 Sunday,
1842 3267 1988 3298 October
2005 3275 2034 3304 2,

377 3326 388 3340 ²
412 3322 493 3354 This
520 3321 546 3352 is
571 3322 692 3362 clearly
709 3332 750 3352 an
775 3332 862 3352 error
881 3321 930 3352 for
952 3322 1007 3353 the
1032 3322 1109 3362 25th
1245 3328 1335 3362 1351.
