2198 3845
319 418 364 448 12
577 416 796 451 RECORDS
828 419 889 451 OF
921 419 1021 450 TIIE
1053 418 1289 451 BOROUGH
1321 419 1382 451 OF
1417 418 1764 451 NOTTINGHAM.
1902 405 2035 463 [1220

312 553 405 579 esse
437 539 567 580 debet
601 540 917 594 navigantibuS,
948 547 1162 594 quantum
1197 541 1361 594 pertica
1393 554 1480 581 una
1511 541 1728 594 optinebit
1761 554 1818 580 ex
1852 547 2034 592 utraque

312 620 435 665 parte
477 612 534 653 fili
578 628 726 667 aquae.
811 615 1039 655 Praeterea
1080 615 1374 655 concessimus
1417 615 1550 655 etiam
1593 616 1648 655 de
1700 614 1875 667 proprio
1916 613 2035 653 dono

312 694 471 737 nostro,
494 694 537 728 et
566 688 646 728 hac
672 695 791 728 carta
818 695 966 729 nostra
991 687 1356 737 confirmavimus,
1380 688 1543 728 eisdem
1568 687 1712 728 liberis
1736 686 2034 740 Burgensibus

312 761 468 801 nostris
493 761 668 803 Gildam
694 763 1002 811 Mercatorum,
1029 776 1127 802 cum
1158 762 1361 802 omnibus
1389 762 1663 802 libertatibus
1690 769 1733 801 et
1761 761 1903 800 liberis
1933 773 2034 800 con-

311 836 613 876 suetudinibus
651 850 763 888 quae
804 837 858 876 ad
903 836 1078 877 Gildam
1123 837 1418 877 Mercatorum
1457 836 1620 876 debent
1657 835 1723 876 vel
1761 835 1903 875 solent
1940 848 2034 887 per-

311 909 474 958 tinere;
526 917 568 949 et
609 911 726 962 quod
770 910 849 962 ipsi
894 911 981 950 sint
1022 910 1155 963 quieti
1199 911 1254 950 de
1303 910 1533 951 Tholonea
1575 924 1651 963 per
1692 916 1831 950 totam
1873 915 2033 949 terram

311 989 516 1032 nostram,
550 983 659 1024 infra
694 985 910 1024 nundinas
943 991 986 1024 et
1018 990 1154 1024 extra.
1220 985 1277 1025 Et
1312 985 1411 1025 licet
1446 985 1527 1025 illis
1562 998 1692 1037 quem
1726 983 1941 1024 voluerint
1978 995 2034 1022 ex

310 1056 397 1096 suis
427 1057 468 1096 in
500 1056 584 1096 fine
618 1058 718 1096 anni
754 1058 1050 1110 praepositum
1086 1072 1212 1098 suum
1243 1058 1392 1107 facere,
1426 1059 1498 1112 qui
1532 1059 1586 1099 de
1621 1058 1745 1098 firma
1777 1064 1925 1098 nostra
1957 1071 2035 1109 pro

311 1130 413 1182 ipsis
443 1131 731 1184 respondeat3
767 1132 826 1172 ita
853 1132 970 1184 quod
1001 1132 1034 1171 si
1063 1133 1177 1172 idem
1205 1133 1479 1186 praepositus
1503 1133 1627 1173 nobis
1650 1132 1888 1185 displiceat,
1912 1131 2032 1171 illum

311 1204 364 1244 ad
415 1204 685 1245 voluntatem
736 1212 929 1246 nostram
980 1205 1311 1256 removebimus,
1355 1214 1397 1248 et
1446 1207 1526 1260 ipsi
1577 1207 1708 1247 alium
1759 1207 1812 1246 ad
1863 1205 2033 1245 libitum

311 1283 506 1318 nostrum
557 1279 832 1319 substituent.
909 1280 1216 1321 Concessimus
1258 1281 1390 1321 etiam
1433 1281 1597 1321 eisdem
1643 1280 1939 1333 Burgensibus
1988 1286 2035 1320 ut

310 1351 575 1405 quicumque
604 1352 658 1392 ab
681 1353 741 1392 eis
771 1353 1034 1394 constitutus
1058 1353 1184 1394 fuerit
1210 1356 1483 1408 praepositus
1510 1355 1706 1408 ejusdem
1735 1355 1871 1407 burgi,
1894 1354 2035 1394 solvat

312 1424 479 1466 firmam
505 1426 699 1479 ejusdem
728 1427 852 1480 burgi
880 1428 934 1468 ad
958 1428 1228 1469 dominicum
1259 1430 1522 1469 scaccarium
1554 1436 1762 1478 nostrum,
1786 1428 2035 1481 ubicunque

312 1498 438 1541 suerit
467 1500 508 1540 in
539 1500 715 1554 Anglia,
745 1502 800 1542 ad
831 1502 941 1542 duos
971 1503 1191 1552 terminos,
1223 1503 1517 1553 medietatem,
1548 1503 1722 1552 scilicet,
1753 1504 1807 1543 ad
1838 1502 2033 1543 clausum

313 1573 514 1623 Paschae,
538 1581 581 1615 et
604 1575 885 1617 medietatem
916 1576 958 1616 in
989 1577 1156 1617 octabis
1184 1577 1335 1619 Sancti
1364 1578 1600 1618 Michaelis
1665 1578 1812 1632 Quare
1834 1576 2035 1617 volumus

310 1654 353 1689 et
380 1646 559 1689 firmiter
590 1650 855 1703 pracipimus
888 1651 1005 1704 quod
1039 1651 1247 1704 praedicti
1284 1652 1528 1705 Burgenses
1560 1653 1752 1693 habeant
1785 1660 1827 1693 ct
1857 1658 2035 1693 teneant

310 1723 556 1776 praedictas
586 1725 934 1774 consuetudines,
959 1725 1070 1765 bene
1100 1732 1142 1766 et
1172 1726 1213 1765 in
1244 1740 1361 1778 pace,
1390 1726 1522 1766 libere
1552 1733 1594 1767 et
1617 1726 1773 1779 quiete,
1797 1724 2035 1766 honorifice

310 1804 353 1838 et
375 1797 564 1851 pacifice,
588 1799 780 1852 plenarie
802 1806 845 1840 et
868 1800 1045 1853 integre,
1069 1800 1180 1841 sicut
1202 1800 1448 1841 habuerunt
1471 1807 1669 1854 tempore
1694 1800 1872 1841 Henrici
1900 1800 2034 1852 Regis

311 1872 459 1925 proavi
487 1873 633 1923 nostri,
657 1881 699 1915 et
729 1880 926 1928 tempore
959 1875 1138 1915 Henrici
1172 1875 1305 1928 Regis
1335 1875 1469 1928 patris
1500 1876 1646 1924 nostri,
1670 1889 1768 1915 cum
1799 1874 2034 1928 praedictis

310 1948 557 1999 augmentis
580 1962 692 2001 quae
715 1948 775 1988 eis
798 1949 1102 1989 concessimus.
1168 1949 1225 1990 Et
1247 1949 1529 2002 prohibemus
1554 1963 1607 1990 ne
1630 1949 1725 2003 quis
1748 1955 1900 1989 contra
1921 1947 2033 1988 hanc

309 2028 473 2062 cartam
512 2029 706 2063 nostram
742 2023 988 2076 praedictos
1027 2023 1271 2076 Burgenses
1309 2037 1470 2063 vexare
1506 2029 1758 2076 praesumat
1795 2023 1836 2062 in
1876 2022 2033 2074 aliquo,

309 2109 438 2148 super
459 2096 611 2137 decem
637 2097 766 2137 libras
790 2097 996 2138 forisfacti
1020 2097 1166 2147 nostri,
1190 2097 1300 2138 sicut
1323 2097 1382 2137 eis
1405 2098 1699 2137 concessimus
1721 2104 1764 2137 et
1788 2096 2032 2137 rationabili

309 2176 429 2210 carta
463 2177 611 2211 nostra
645 2170 998 2211 confirmavimus
1025 2172 1130 2212 dum
1166 2185 1359 2211 essemus
1391 2172 1550 2214 Comes
1584 2171 1866 2212 Moretoniae.
1935 2170 2033 2210 Hiis

310 2243 522 2284 testibus:
564 2244 776 2286 Gaufrido
814 2244 901 2285 filio
945 2245 1059 2285 Petri
1103 2245 1277 2287 Comite
1315 2245 1538 2294 Essexiae‚
1576 2245 1799 2286 W'illelmo
1838 2244 2032 2293 Biiwere,

313 2317 505 2370 Hugone
558 2318 800 2371 Bard[ulfi]‚
846 2319 1041 2359 Roberto
1084 2318 1171 2359 filio
1225 2319 1397 2372 Rogeri,
1440 2319 1663 2360 willelmo
1705 2320 1759 2360 de
1806 2318 2032 2368 Stotevill’,

312 2391 504 2444 Hugone
546 2393 600 2432 de
643 2393 809 2441 Nevssl’,
854 2393 1035 2434 Simone
1071 2394 1126 2434 de
1170 2394 1413 2443 Pateshull',
1457 2394 1696 2435 Gilleberto
1737 2395 1791 2435 de
1834 2393 2030 2435 Norfolk.

310 2465 476 2506 Datum
512 2479 587 2519 per
622 2479 776 2506 manus
814 2467 1005 2508 Simonis
1036 2466 1348 2508 Archidiaconi
1384 2468 1627 2518 XVellensis,
1660 2475 1704 2509 et
1733 2468 1948 2521 Johannis
1977 2468 2032 2508 de

309 2539 438 2592 Gray,
462 2539 774 2580 Archidiaconi
807 2540 1114 2590 Clivelandiae,
1139 2542 1255 2595 apud
1288 2542 1498 2595 Clipston,
1523 2542 1603 2583 xix
1627 2543 1697 2583 die
1728 2542 1886 2591 Martii,
1910 2541 2029 2595 regni

309 2614 442 2655 nostri
466 2627 582 2655 anno
604 2614 753 2668 primo.
1906 2624 2028 2667 4153.

491 2787 777 2828 VL—Leller
795 2788 850 2839 of
860 2789 973 2841 Papa
994 2788 1216 2828 Honorius
1237 2788 1321 2828 Ill.
1346 2795 1385 2829 to
1408 2789 1474 2829 tlte
1494 2789 1766 2841 Arclzbzsssslop,
1793 2789 1836 2828 ilc

814 2862 986 2913 favour
1004 2863 1058 2914 of
1072 2863 1115 2903 ὅ.
1131 2862 1284 2917 solm's
1304 2862 1514 2916 Hospital.

958 2965 969 2992 1
983 2964 1074 3001 220,
1101 2953 1324 3005 February
1344 2965 1380 3004 4.

394 3066 406 3086 1
427 3058 694 3099 HONORIUS
739 3058 995 3111 Episcopus,
1036 3073 1183 3099 servus
1227 3073 1448 3100 servorum
1495 3059 1589 3109 Dei,
1631 3058 1864 3099 venerabili
1910 3057 2027 3098 fratri

305 3130 650 3184 Archiepiscopo
702 3131 979 3181 Eboracensi,
1021 3132 1206 3173 salutem
1249 3140 1292 3174 et
1334 3133 1620 3186 apostolicam
1664 3132 2025 3173 benedictionem.

307 3205 466 3245 Dilecti
485 3204 557 3244 filii
578 3206 790 3258 Magister
812 3212 854 3245 et
875 3206 1046 3246 Fratres
1073 3206 1317 3259 Hospitalis
1342 3207 1492 3249 Sancti
1513 3207 1728 3259 Johannis
1746 3207 1800 3246 de
1819 3206 2026 3258 Notting-

304 3278 406 3319 ham
436 3279 561 3319 nobis
590 3278 811 3319 humiliter
836 3279 1146 3332 supplicarunt,
1169 3286 1216 3320 ut
1245 3280 1305 3320 eis
1332 3280 1373 3320 in
1404 3293 1552 3320 eorum
1583 3279 1750 3333 capella
1772 3279 2027 3332 proprium2

370 3370 377 3384 ¹
405 3367 502 3398 From
520 3366 675 3399 Greaves'
691 3378 817 3408 papcrs.
1293 3373 1305 3386 2
1328 3369 1535 3410 Proprium,]
1556 3367 1789 3411 ‘promptum‚’
1806 3368 1878 3401 MS.
