2198 3845
274 427 357 467 280
538 433 761 466 RECORDS
793 433 854 466 OF
886 433 987 464 THE
1020 433 1256 465 BOROUGH
1289 433 1349 465 OF
1383 432 1731 465 NOTTINGHAM.
1866 420 1992 476 [1395

271 557 326 598 ad
360 571 492 610 grave
526 557 768 610 dampnum
803 563 846 596 et
879 555 1194 609 praejudicium
1229 554 1356 596 villae
1390 554 1649 608 praedictae,
1685 561 1762 595 etc.
1827 554 1907 595 Per
1939 553 1992 607 vj.

272 631 406 684 pedes
427 631 560 684 juxta
582 631 698 672 viam
722 631 776 671 de
801 631 1076 679 Ratonrowe,
1100 636 1197 670 etc.1

361 706 485 755 Item,
510 705 660 746 dicunt
682 705 800 758 quod
824 717 976 744 omnes
1006 709 1205 744 tenentes
1235 702 1435 743 Thomae
1459 703 1722 756 Mappurley
1744 709 1787 743 et
1811 701 1994 743 Roberti

270 779 449 832 Jerman
483 779 690 819 obturant
720 777 837 817 illam
869 777 1083 817 venellam
1107 790 1219 829 quae
1247 777 1364 830 jacet
1394 778 1504 818 inter
1534 777 1784 839 BugSerdes
1813 783 1856 817 et
1878 783 1997 817 tene-

272 860 469 894 mentum
508 853 708 893 Thomae
749 851 939 900 Holand,
974 858 1017 892 et
1054 850 1256 891 extendit
1297 865 1342 891 se
1379 852 1433 891 ad
1472 851 1614 904 capud
1649 850 1837 891 australe
1871 863 2000 903 super

273 926 658 975 Castirffeldcroce,
696 932 738 966 et
777 926 831 966 ad
869 926 1011 978 capud
1049 925 1212 966 boriale
1249 939 1378 978 super
1421 924 1732 978 Franchegate‚
1771 924 1825 964 ad
1867 937 2000 977 grave

272 1007 587 1041 nocumentum
611 1000 822 1041 libertatis
846 999 973 1040 villae
996 1000 1255 1052 praedictae,
1280 1006 1357 1040 etc.
1737 1009 1856 1049 3942.
1881 1011 1938 1037 ro.
1962 1009 1998 1048 4

359 1075 483 1124 Item,
513 1075 664 1115 dicunt
695 1074 813 1127 quod
846 1074 1063 1127 quaedam
1095 1074 1264 1114 venella
1297 1073 1445 1127 [quae]
1476 1073 1592 1126 jacet
1628 1073 1739 1114 inter
1775 1073 1999 1125 Rogerum

272 1148 427 1189 Arnall
460 1155 502 1189 et
533 1148 783 1202 Johannem
817 1149 1049 1188 Tournour
1078 1148 1282 1189 obturata
1311 1155 1376 1189 est
1405 1162 1503 1188 cum
1528 1147 1631 1188 fimo
1661 1161 1736 1200 per
1761 1147 2000 1200 Hugonem

273 1223 468 1271 Baxster,
486 1222 735 1276 Johannem
763 1222 1020 1274 Hodynges,
1041 1222 1294 1275 Marjoriam
1321 1222 1502 1283 Coliger,
1521 1229 1564 1262 et
1589 1223 1810 1274 Rogerum
1831 1220 2001 1270 Arnall,

273 1297 327 1337 ad
350 1311 482 1350 grave
504 1302 821 1337 nocumentum
852 1295 1091 1336 vicinorum
1115 1303 1158 1337 et
1188 1297 1322 1337 totius
1352 1296 1564 1337 libertatis
1586 1295 1713 1336 villae
1742 1295 2003 1348 praedictae,

275 1377 353 1411 etc.

362 1445 486 1494 Item,
505 1445 657 1485 dicunt
675 1445 793 1497 quod
817 1458 970 1485 omnes
993 1445 1065 1498 qui
1089 1444 1454 1498 commorant[ur]
1478 1458 1534 1485 ex
1558 1451 1742 1497 utraque
1765 1449 1888 1497 parte
1910 1443 2004 1484 viae

273 1518 416 1572 regiae
445 1533 469 1559 a
493 1519 818 1572 Chappelbarre
848 1532 985 1572 usque
1009 1519 1293 1572 Organlayne
1323 1526 1365 1560 ct
1397 1520 1537 1572 Seynt
1559 1519 1764 1571 Jamgate
1794 1518 2003 1558 obturant

273 1607 370 1634 cum
407 1593 511 1634 fimo
548 1593 682 1633 altam
718 1593 844 1642 viam,
880 1593 933 1633 ad
968 1607 1099 1646 grave
1134 1599 1447 1634 nocumentum
1483 1592 1650 1645 patriae
1684 1591 1846 1632 ibidem
1887 1598 2003 1632 tran-

274 1668 448 1717 seuntis,
472 1674 514 1708 et
538 1668 591 1708 ad
618 1681 827 1720 magnum
851 1668 1094 1720 dampnum
1120 1667 1331 1708 libertatis
1353 1667 1481 1707 villae
1504 1666 1764 1720 praedictae,
1789 1672 1867 1706 etc.

363 1743 487 1791 Item,
523 1741 674 1782 dicunt
709 1742 826 1794 quod
861 1742 1078 1794 quaedam
1107 1742 1258 1795 porche
1295 1742 1336 1781 in
1377 1742 1669 1794 Baxstergate
1703 1742 1757 1782 de
1794 1739 2005 1793 Marjoria

276 1816 464 1877 Colli3er
485 1822 572 1857 stat
594 1829 724 1868 super
746 1829 979 1856 commune
1002 1816 1169 1865 solium,
1193 1817 1247 1856 ad
1271 1830 1402 1869 grave
1425 1822 1738 1856 nocumentum
1761 1814 2003 1855 vicinorum

275 1890 437 1931 ibidem
475 1890 807 1940 transeuntium,
845 1897 887 1931 et
926 1891 966 1930 in
1011 1904 1220 1943 magnum
1264 1890 1577 1943 praejudicium
1622 1889 1833 1930 libertatis
1875 1887 2005 1928 villae

278 1965 539 2018 praedictae,
563 1971 640 2005 etc.

366 2039 490 2088 Item,
514 2039 664 2079 dicunt
684 2039 801 2091 quod
826 2038 1022 2079 Thomas
1048 2039 1156 2087 Fox,
1180 2039 1380 2091 drapour,
1403 2038 1578 2079 obturat
1601 2051 1699 2078 cum
1724 2036 1828 2078 fimo
1853 2037 2008 2090 Peper-

278 2112 385 2162 lane,
424 2114 478 2153 ad
516 2127 648 2166 grave
692 2120 1006 2153 nocumentum
1049 2113 1301 2161 vicinorum,
1340 2119 1382 2153 et
1424 2112 1556 2153 etiam
1599 2118 1719 2153 tenet
1756 2111 1918 2151 ibidem
1962 2110 2004 2150 in

279 2187 433 2227 eodem
463 2187 558 2227 vico
590 2201 724 2227 unum
754 2187 896 2227 chelm)
926 2186 1110 2227 fractum
1141 2194 1183 2227 et
1213 2194 1423 2240 apertum,
1448 2187 1501 2227 ad
1532 2200 1664 2240 grave
1694 2192 2008 2227 nocumentum

280 2261 413 2301 totius
443 2261 591 2314 populi
624 2261 785 2301 ibidem
817 2261 1091 2310 transeuntis,
1123 2268 1165 2302 et
1198 2262 1251 2302 ad
1283 2275 1492 2314 magnum
1523 2262 1766 2315 dampnum
1798 2260 2010 2301 libertatis

284 2334 411 2374 villae
434 2335 694 2387 praedictae,
719 2341 795 2374 etc.

370 2409 493 2457 Item,
518 2409 670 2449 dicunt
694 2409 811 2462 quod
846 2422 999 2449 omnes
1034 2409 1256 2462 ipotecarii
1293 2409 1580 2462 Notingham'
1612 2410 1808 2450 vendunt
1842 2408 2009 2462 species

283 2495 358 2534 pei·
392 2483 587 2535 pondera
621 2483 818 2523 indebita
852 2490 894 2523 et
924 2482 1125 2533 infidelia,
1150 2497 1235 2524 non
1266 2491 1465 2525 tenentes
1495 2484 1534 2524 le
1561 2484 1782 2532 standard,
1806 2490 1849 2524 et
1877 2484 2010 2524 etiam

286 2556 487 2609 mingunt
521 2563 687 2597 veteres
723 2557 888 2610 species
924 2571 1023 2597 cum
1059 2558 1192 2606 novis,
1226 2565 1377 2598 contra
1411 2565 1625 2599 statutum
1662 2558 1841 2599 Domini
1879 2557 2013 2610 Regis

287 2630 388 2670 inde
410 2631 576 2671 editum
600 2637 644 2671 et
668 2630 843 2680 factum,
867 2638 944 2672 etc.

375 2705 499 2753 Item,
522 2705 676 2745 dicunt
709 2706 826 2758 quod
858 2705 1082 2758 Johannes
1112 2706 1166 2745 de
1199 2705 1485 2758 Notingham,
1509 2706 1770 2758 capellanUS,
1794 2704 2015 2745 obturavit

288 2790 565 2819 communem
620 2779 835 2819 venellam
888 2779 999 2819 inter
1053 2779 1286 2831 Hospitale
1330 2779 1479 2820 Sancti
1522 2779 1736 2831 Johannis
1785 2793 1841 2818 ex
1891 2784 2014 2831 parte

288 2852 476 2901 australi,
500 2859 542 2893 et
576 2860 880 2893 tenementum
911 2853 1135 2905 quondam
1172 2853 1346 2893 Ricardi
1385 2854 1569 2893 Hanson
1605 2867 1662 2893 ex
1697 2859 1820 2906 parte
1849 2851 2012 2899 boriali,

289 2931 331 2964 et
373 2939 469 2965 eam
513 2927 782 2978 praedictam
826 2926 1041 2966 venellam
1093 2927 1303 2966 inclusam
1347 2926 1447 2967 fecit
1490 2926 1578 2966 fieri
1621 2928 1675 2968 ad
1718 2940 1844 2967 usum
1887 2939 2013 2966 suum

290 3000 523 3051 proprium,
557 3000 649 3039 sine
682 3000 858 3040 licentia
896 3000 1076 3052 Majoris
1109 3007 1151 3040 et
1187 3000 1474 3053 Burgensium
1508 3000 1635 3040 villae
1666 3000 1925 3053 praedictae,
1959 2999 2013 3039 ad

290 3084 421 3123 grave
444 3074 686 3126 dampnum
712 3080 754 3114 et
777 3073 1091 3126 praejudicium
1116 3074 1249 3114 totius
1272 3074 1610 3123 communitatis
1634 3081 1711 3115 etc.

379 3147 502 3196 Item,
546 3148 697 3188 dicunt
734 3149 852 3200 quod
889 3149 1106 3201 quaedam
1150 3148 1319 3188 venella
1360 3148 1568 3188 existeret
1604 3147 1849 3188 communis
1891 3147 1933 3186 in
1976 3145 2015 3186 le

293 3219 574 3274 Fischergate
608 3222 719 3262 inter
754 3228 1055 3262 tenementum
1090 3222 1304 3275 Johannis
1338 3222 1393 3262 de
1428 3222 1653 3274 Plumptre
1686 3235 1743 3262 ex
1777 3227 1901 3274 parte
1933 3219 2015 3260 ori-

292 3294 436 3343 entali,
460 3302 502 3335 et
526 3301 825 3335 tenementum
850 3295 1057 3335 willelmi
1081 3296 1136 3335 de
1160 3296 1321 3335 Beston
1345 3309 1401 3334 ex
1425 3301 1548 3347 parte
1570 3295 1840 3344 occidentali,
1864 3294 1905 3333 in
1929 3306 2016 3346 quo

682 3388 688 3400 ¹
716 3384 797 3415 This
814 3390 966 3415 sentence
984 3384 1009 3415 is
1026 3395 1067 3415 an
1084 3384 1232 3415 addition
1251 3391 1283 3415 to
1301 3384 1355 3415 the
1373 3384 1509 3425 original
1527 3390 1628 3424 entry.
