2198 3845
280 408 362 437 200
542 408 761 441 RECORDs
793 410 853 441 OF
885 410 986 440 THE
1018 409 1253 441 BOROUGH
1286 409 1346 440 OF
1381 407 1727 440 NOTTINGHAM.
1864 395 1994 449 [1379

279 527 591 580 ordinandum;
624 544 791 571 necnon
823 532 876 571 ad
907 530 1055 571 omnia
1084 531 1168 570 alia
1196 530 1394 570 facienda
1423 536 1466 570 et
1495 529 1755 581 exequenda
1776 540 1888 581 quae
1917 540 1995 579 pro

280 600 444 642 meliori
467 608 510 643 et
532 603 731 644 securiori
755 604 938 644 transitu
962 604 1136 644 navium
1160 610 1202 644 et
1225 603 1483 644 batellorum
1507 603 1825 655 praedictorum
1849 615 1994 641 neces-

278 674 390 715 saria
412 674 569 716 fuerint
591 683 633 717 et
655 683 881 729 oportuna,
900 683 942 718 et
965 677 1019 717 ad
1042 677 1280 730 praemissa
1301 677 1450 717 omnia
1467 683 1509 717 et
1526 675 1696 729 singula
1713 675 1931 716 audienda
1952 681 1996 715 et

278 748 563 799 terminanda,
588 751 827 791 secundum
851 750 991 803 legem
1015 757 1057 791 et
1087 751 1447 792 consuetudinem
1477 750 1597 803 regni
1626 749 1760 790 nostri
1783 749 1994 802 Angliae:

278 829 321 863 et
363 823 461 864 ideo
497 824 618 864 vobis
662 825 923 864 mandamus
965 825 1093 877 quod,
1131 825 1185 865 ad
1229 831 1368 865 certos
1410 824 1501 864 dies
1543 830 1585 864 et
1627 823 1722 863 loca
1761 836 1870 876 quos
1906 836 1994 872 vos,

278 902 474 948 quatuor,
498 903 593 946 tres,
617 897 682 937 vel
706 897 793 937 duo
815 904 1019 947 vestrum,
1042 898 1097 938 ad
1127 898 1209 939 hoc
1238 898 1522 952 provideritis,
1545 897 1845 950 inquisitiones
1867 910 1996 950 super

278 972 524 1022 praemissis
562 971 739 1021 faciatis,
778 979 820 1013 et
857 973 1095 1025 praemissa
1131 974 1279 1014 omnia
1320 980 1363 1014 et
1404 972 1575 1026 singula
1611 972 1797 1012 audiatis
1834 978 1877 1012 et
1913 977 1996 1012 ter-

278 1044 451 1085 minetis
484 1045 526 1085 in
560 1045 698 1086 forma
729 1047 962 1099 praedicta,
996 1047 1148 1088 facturi
1182 1048 1282 1088 inde
1314 1048 1431 1100 quod
1465 1047 1520 1087 ad
1549 1047 1763 1099 justitiam
1796 1045 1996 1098 pertinet,

277 1118 516 1158 secundum
547 1118 687 1172 legem
719 1126 761 1160 et
790 1121 1150 1162 consuetudinem
1182 1122 1301 1174 regni
1332 1121 1466 1162 nostri
1489 1120 1690 1174 Angliae,
1713 1120 1842 1160 salvis
1871 1119 1996 1160 nobis

277 1192 625 1233 amerciamentis
648 1200 691 1234 et
720 1194 812 1233 aliis
842 1195 896 1235 ad
927 1208 1005 1235 nos
1035 1195 1135 1236 inde
1167 1194 1474 1248 spectantibus.
1538 1194 1848 1235 Mandavimus
1879 1193 1994 1234 enim

277 1265 535 1307 Vicecomiti
570 1274 718 1308 nostro
752 1268 999 1310 Comitatus
1031 1269 1240 1322 praedicti
1275 1269 1404 1322 quod,
1437 1269 1492 1309 ad
1527 1275 1666 1309 certos
1699 1268 1790 1308 dies
1825 1274 1867 1308 et
1901 1267 1997 1308 loca

277 1353 385 1392 quos
408 1354 494 1389 vos,
518 1348 715 1393 quatuor,
738 1349 823 1383 trcs
846 1342 912 1383 vcl
936 1343 1023 1383 duo
1046 1350 1249 1394 vestrum,
1272 1343 1308 1384 ei
1332 1343 1439 1384 scire
1468 1342 1643 1393 facietis,
1667 1341 1811 1383 venire
1838 1341 1998 1382 faceret

277 1427 422 1453 coram
446 1414 579 1464 vobis,
603 1423 799 1468 quatuor,
829 1417 976 1466 tribus,
1000 1417 1065 1458 vel
1099 1418 1269 1458 duobus
1293 1425 1495 1467 vestrum,
1524 1423 1591 1458 tot
1622 1423 1665 1458 et
1696 1416 1804 1458 tales
1836 1416 1996 1469 probos

277 1494 320 1528 et
343 1487 502 1541 legales
532 1488 730 1530 homines
760 1491 814 1531 de
845 1491 1068 1533 Comitatu
1098 1492 1332 1544 praedicto,
1355 1498 1446 1532 tam
1476 1490 1587 1531 infra
1615 1490 1836 1531 libertates
1865 1502 1996 1542 quam

278 1568 415 1612 extra,
438 1576 514 1615 per
536 1577 644 1616 quos
667 1565 725 1604 rei
748 1565 906 1606 veritas
930 1565 971 1605 in
995 1566 1242 1618 praemissis
1273 1565 1426 1606 melius
1455 1564 1551 1605 sciri
1582 1564 1740 1618 poterit
1763 1571 1805 1604 et
1828 1563 1994 1616 inquiri.

280 1636 330 1676 In
364 1636 485 1689 cujus
519 1637 575 1677 rei
610 1638 908 1679 testimonium
942 1639 1020 1680 has
1053 1639 1216 1681 litteras
1250 1646 1419 1681 nostras
1452 1638 1540 1680 fieri
1574 1638 1752 1679 fecimus
1785 1644 1996 1692 patentes.

278 1710 411 1751 Teste
435 1724 503 1751 me
526 1710 620 1765 ipso
642 1712 757 1765 apud
783 1712 1047 1764 Gloucestrc‚
1072 1713 1144 1767 xij.
1169 1714 1239 1755 die
1270 1713 1543 1763 Novembris,
1567 1726 1682 1754 anno
1711 1712 1830 1766 regni
1862 1712 1996 1754 nostri

278 1785 478 1825 secundo.
1816 1786 1996 1828 Melton.

1873 1871 1996 1911 4414.

597 2179 881 2220 CIX-leel!
897 2181 951 2232 of
963 2180 1028 2221 tlte
1049 2181 1296 2233 sllayomlzjy
1317 2180 1489 2235 ossolm
1515 2180 1686 2221 Samon.

901 2270 1089 2323 [1370-1‚
1111 2285 1161 2311 ον
1185 2271 1369 2324 1378-9.]

374 2360 571 2397 Romus
600 2361 815 2409 JOHANNIS
845 2362 992 2399 SAMON
1023 2373 1079 2399 DE
1107 2373 1271 2400 OFFICIO
1302 2362 1502 2409 MAJoms,
1533 2372 1588 2399 UT
1617 2371 1745 2398 PATET
1775 2372 1911 2398 INFRA.

366 2445 1005 2501 XVele1·ygtgate.—Johannes
1042 2449 1096 2489 de
1138 2447 1427 2502 Quappelade
1468 2454 1511 2489 et
1552 2447 1772 2489 Gilbertus
1808 2447 1998 2498 Walker,

282 2519 521 2569 Decenarii‚
551 2520 702 2561 dicunt
735 2522 853 2574 quod
890 2522 1078 2563 Isabella
1110 2523 1164 2563 de
1200 2522 1450 2571 Southwcll‚
1479 2521 1641 2564 Cecilia
1669 2522 1722 2562 de
1753 2522 1998 2571 Brademer,

279 2592 502 2646 Johannes
525 2594 775 2647 Tropynell,
797 2595 1021 2648 Johannes
1039 2597 1093 2637 de
1116 2596 1400 2649 Notingham,
1424 2594 1670 2635 willelmus
1687 2595 1742 2635 de
1765 2594 1999 2645 Colleston‚

281 2666 526 2708 VVillelmus
562 2668 746 2721 Hosyer,
774 2670 970 2723 Rogerus
1003 2672 1057 2711 de
1089 2671 1307 2723 XVynsten
1333 2669 1545 2710 Ricardus
1580 2668 1731 2719 Lister,
1754 2668 1999 2709 'Willelmus

284 2740 451 2793 Colyer,
492 2742 757 2783 Hamundus
795 2744 849 2784 de
888 2745 1046 2795 Ireton,
1085 2745 1304 2785 Robertus
1340 2744 1395 2784 de
1438 2741 1622 2792 Bottale,
1659 2748 1702 2783 et
1738 2756 1890 2783 omnes
1927 2741 1997 2782 alii

282 2813 553 2865 braciatores,
596 2817 792 2858 vendunt
834 2824 986 2859 contra
1026 2818 1227 2860 Assisam
1270 2817 1494 2867 Servisiae,
1537 2824 1580 2858 et
1631 2822 1782 2858 contra
1832 2815 1997 2870 procla-

285 2887 521 2928 mationem
547 2889 738 2942 Majoris,
763 2891 871 2941 ideo,
894 2898 971 2933 etc.

371 2962 888 3006 Couhlane.—Robertus
913 2965 1127 3019 Couhper,
1146 2965 1423 3014 Decenarius,
1441 2971 1691 3018 praesentat
1707 2963 1824 3017 quod
1846 2963 2000 3016 Agnes

283 3034 337 3073 de
362 3034 597 3088 Brunneby
620 3044 662 3077 et
684 3037 829 3078 Alicia
859 3039 1064 3092 Couhper
1091 3040 1288 3080 vendunt
1315 3039 1537 3079 servisiam
1567 3045 1718 3079 contra
1739 3038 1931 3086 assisam,
1958 3042 2001 3077 et

283 3114 434 3148 contra
465 3110 854 3161 proclamationem
889 3113 1080 3165 Majoris‚
1104 3119 1146 3154 et
1175 3112 1280 3153 dicit
1308 3112 1426 3165 quod
1455 3112 1573 3152 dicta
1601 3111 1753 3164 Agnes
1782 3111 1836 3152 de
1865 3111 2001 3151 Brun-

283 3180 399 3234 neby
434 3181 628 3236 hospitat
665 3184 854 3226 latrones
891 3192 934 3227 et
971 3186 1078 3227 alios
1115 3193 1350 3228 extraneos
1387 3185 1590 3239 ignotos‚1
1623 3192 1774 3226 contra
1810 3184 2002 3233 assisam,

284 3253 392 3304 ideo,
416 3261 493 3296 etc.

665 3350 673 3363 ¹
700 3347 781 3378 alios
797 3353 964 3380 cxlrancos
981 3349 1131 3390 zgteolosz]
1153 3350 1226 3380 ‘alii
1243 3349 1387 3381 extranei
1404 3347 1532 3390 ignoti,'
1550 3348 1621 3380 MS÷
