2198 3845
274 408 355 447 340
538 403 758 435 RECORDs
791 402 851 433 OF
884 402 985 432 THE
1017 401 1253 433 BOROUGH
1287 401 1348 432 OF
1382 400 1731 433 NOTTINGHAM.
1867 390 1996 443 [1397

355 542 662 585 CLXX1.—A
671 541 778 581 elion
790 541 872 591 for
892 540 1014 579 valae
1035 540 1089 590 of
1108 539 1280 578 Tz'mber
1300 539 1523 591 belonging
1541 545 1579 578 to
1599 552 1656 578 cm
1679 538 1717 577 Α
1725 537 1908 578 le-boollc.

971 638 1088 679 1397,
1110 627 1237 681 April
1261 641 1296 679 4.

360 746 583 799 Johannes
618 746 830 793 Turnour,
864 757 939 796 per
971 749 1241 784 attornatum
1275 756 1400 783 suum
1437 742 1687 796 Johannem
1722 742 1998 795 Braydesale,

276 834 470 873 querens,
493 818 652 871 optulit
674 831 720 857 se
742 831 889 857 versus
915 817 1154 869 Hugonem
1184 818 1239 858 de
1261 816 1557 858 W'ilmeslowe
1586 817 1628 856 in
1659 816 1821 869 placito
1850 816 1998 865 debiti,

276 895 348 947 qui
372 894 526 934 ultimo
549 892 628 932 fuit
658 891 921 938 essoniatus;
955 897 997 930 et
1027 891 1161 931 modo
1183 891 1301 931 venit
1330 891 1473 931 dictus
1501 890 1737 943 JohanneS‚
1761 903 1837 942 per
1866 895 1999 930 attor-

277 973 427 1008 natum
458 980 584 1006 suum
614 965 897 1018 praedictum,
921 971 964 1004 et
993 964 1098 1004 dicit
1128 965 1245 1017 quod
1271 964 1386 1004 idem
1414 964 1548 1017 Hugo
1570 964 1607 1004 ei
1631 964 1762 1004 debet
1784 963 1858 1016 ij.
1884 963 1998 1016 viijd.

277 1055 355 1093 pro
397 1040 636 1092 meiremyo
678 1038 911 1091 pertinenti
955 1038 1009 1077 ad
1053 1051 1187 1078 unum
1224 1037 1396 1078 alebollc'
1434 1037 1514 1078 sibi
1556 1037 1736 1077 vendito
1777 1037 1846 1076 hic
1883 1037 1999 1089 apud

280 1114 579 1167 Notyngham,
616 1126 725 1166 quos
762 1112 962 1152 denarios
999 1111 1115 1151 idem
1156 1111 1291 1163 Hugo
1333 1111 1531 1151 solvisset
1573 1109 1769 1163 praefato
1809 1109 2000 1162 Johanni

277 1190 331 1229 ad
365 1188 523 1228 festum
558 1186 707 1229 Sancti
742 1185 933 1233 Martini,
957 1198 1072 1224 anno
1095 1185 1215 1237 regni
1251 1185 1384 1237 Regis
1419 1184 1594 1225 Ricardi
1629 1184 1819 1226 Secundi
1844 1192 1935 1233 xv0,
1958 1191 2001 1225 et

278 1263 376 1302 licet
410 1261 581 1314 saepius
615 1260 846 1312 requisitus
880 1258 1007 1298 fuerit
1041 1258 1156 1298 idem
1192 1259 1328 1311 Hugo
1360 1259 1397 1299 ei
1430 1259 1570 1299 dictos
1602 1258 1803 1298 denarios
1835 1257 2002 1298 solvere

277 1335 555 1384 contradixit,
579 1341 621 1375 et
645 1333 787 1374 adhuc
814 1332 1083 1382 contradicit,
1107 1333 1161 1373 ad
1192 1333 1387 1385 dampna
1415 1332 1625 1385 praedicti
1655 1331 1869 1384 Johannis
1899 1331 2000 1380 xld„

277 1410 378 1449 inde
410 1409 610 1462 producit
642 1414 818 1455 sectam,
849 1413 925 1447 etc.
992 1407 1049 1447 Et
1082 1407 1330 1459 praedictus
1366 1407 1500 1459 Hugo
1533 1407 1574 1446 in
1609 1406 1783 1459 propria
1815 1418 2002 1458 persona

278 1498 355 1524 sua
388 1484 516 1532 venit,
551 1489 593 1523 ct
627 1481 823 1522 defendit
856 1481 942 1520 vim
978 1487 1021 1521 et
1055 1480 1268 1533 injuriam,
1304 1486 1394 1529 etc.,
1429 1487 1471 1520 et
1506 1480 1610 1520 dicit
1644 1479 1761 1532 quod
1797 1478 1927 1518 nichil
1963 1479 2000 1518 ei

278 1558 409 1598 debet
446 1564 573 1610 prout
611 1557 702 1609 ipse
739 1555 934 1608 superius
972 1568 1119 1594 versus
1157 1567 1255 1594 eum
1294 1554 1495 1603 narravit,
1533 1560 1575 1594 et
1612 1553 1694 1593 hoc
1732 1553 1841 1606 petit
1882 1553 2000 1605 quod

279 1632 539 1684 inquiratur3
571 1637 614 1672 et
637 1630 744 1670 alius
767 1628 973 1669 similiter.
1040 1628 1145 1667 Ideo
1172 1634 1454 1680 praeceptum
1477 1634 1553 1675 est,
1577 1634 1654 1667 etc.

1718 1701 1832 1750 1296,
1856 1713 1912 1739 ro.
1943 1711 2000 1749 14.

496 1846 898 1889 CLXXIL-Plea
922 1845 1158 1898 regarding
1175 1844 1241 1885 [lle
1263 1845 1316 1884 H
1316 1844 1436 1897 iring
1453 1845 1507 1896 of
1518 1844 1779 1896 Barsilotstjt.

966 1945 1081 1985 1397,
1106 1934 1232 1987 April
1263 1937 1319 1975 18.

368 2045 585 2085 Robertus
615 2044 669 2083 de
700 2042 935 2095 Stapulton
966 2047 1008 2081 et
1035 2040 1281 2081 willelmus
1310 2040 1461 2081 white
1489 2046 1729 2093 queruntur
1757 2040 1811 2080 de
1842 2039 2001 2091 Davyd

282 2119 463 2172 Kethyn
505 2119 560 2158 de
601 2117 763 2170 placito
809 2115 1122 2163 conventionis,
1165 2115 1219 2155 de
1260 2128 1312 2154 eo
1353 2115 1471 2168 quod
1514 2115 1645 2155 iidem
1701 2114 1919 2154 Robertus
1961 2120 2003 2153 et

280 2192 537 2242 Willelmus,
560 2198 661 2232 ante
684 2191 842 2232 festum
868 2189 1139 2230 Inventionis
1170 2189 1360 2230 Sanctae
1391 2189 1551 2237 Crucis,
1576 2202 1691 2228 anno
1721 2188 1840 2240 regni
1870 2187 2003 2239 Regis

280 2267 455 2307 Ricardi
494 2266 685 2308 Secundi
723 2265 836 2313 xix0‚
871 2264 1181 2304 conduxerunt
1218 2262 1441 2315 quandam
1479 2261 1676 2314 placeam
1714 2261 1825 2314 prati
1860 2260 2002 2300 vocati

279 2340 582 2392 ‘Bartilotsty,'
615 2339 675 2378 eis
704 2338 864 2378 habere
893 2343 935 2377 et
964 2343 1111 2377 tenere
1140 2335 1380 2389 separalem
1412 2349 1437 2375 a
1468 2335 1692 2388 praedicto
1725 2335 1835 2375 festo
1867 2347 2004 2387 usque

280 2416 333 2454 ad
370 2414 527 2455 festum
564 2412 714 2455 Sancti
752 2411 865 2451 Petri
901 2411 955 2450 ad
990 2410 1177 2451 Vincula
1209 2416 1313 2450 tunc
1346 2409 1598 2462 proximum
1631 2421 1829 2461 sequens,
1862 2407 2004 2448 dictus

283 2489 441 2541 Davyd
484 2488 647 2528 dictam
700 2485 896 2538 placeam
935 2485 990 2524 de
1032 2483 1302 2535 Bartelotsty
1343 2495 1430 2522 non
1471 2482 1781 2530 xvarantizavit,
1824 2487 1888 2521 set
1930 2494 2003 2520 eos

281 2562 462 2614 decepit,
500 2562 554 2601 ad
592 2561 786 2612 dampna
827 2571 977 2598 eorum
1021 2557 1121 2605 xld„
1159 2557 1260 2596 inde
1296 2556 1543 2609 producunt
1585 2561 1761 2601 sectam,
1804 2561 1880 2595 etc.
1946 2554 2004 2594 Et

282 2635 528 2688 praedictus
572 2633 705 2674 Davit
748 2633 788 2672 in
833 2632 1006 2684 propria
1047 2644 1232 2683 persona
1274 2644 1352 2670 sua
1393 2630 1497 2670 dicit
1539 2630 1657 2682 quod
1700 2629 1791 2681 ipse
1838 2628 2002 2668 nullam

282 2708 616 2748 conventionem
639 2719 786 2746 versus
816 2719 889 2745 eos
919 2704 1056 2757 fregit,
1084 2711 1126 2745 et
1158 2704 1239 2744 hoc
1272 2704 1381 2756 petit
1414 2704 1531 2755 quod
1564 2703 1825 2756 inquiratur;
1858 2709 1900 2742 et
1933 2702 2003 2741 alii

283 2781 487 2821 similiter.
552 2781 659 2820 Ideo
681 2784 963 2832 praeceptum
987 2783 1062 2826 est,
1086 2783 1163 2817 etc.
1720 2777 1835 2826 1296,
1859 2790 1914 2815 ro.
1945 2784 2002 2826 15.

444 2981 917 3026 CLXXIII.——Actz'0n
941 2981 989 3031 by
1009 2994 1035 3020 a
1069 2979 1467 3030 IVater-leaderfor
1487 2979 1609 3018 valae
1630 2979 1684 3029 of
1706 2978 1853 3018 W'ater

944 3053 1159 3092 delivered
1176 3052 1224 3103 by
1244 3052 1343 3091 lcim.

981 3152 1097 3193 1397,
1121 3142 1229 3193 May
1258 3142 1314 3180 16.

375 3249 542 3300 Symon
566 3244 847 3292 Waterleder‚
870 3256 1065 3296 querens,
1088 3242 1247 3295 optulit
1270 3255 1314 3281 se
1343 3254 1489 3282 versus
1521 3241 1762 3281 Robertum
1786 3241 1841 3280 de
1871 3240 2005 3281 Chas-

288 3321 440 3362 terfeld
478 3321 520 3359 in
558 3319 718 3372 placito
755 3317 900 3365 debiti,
933 3317 1006 3368 qui
1041 3315 1199 3375 pluries
1234 3314 1334 3355 fecit
1371 3314 1611 3362 defectum;
1648 3320 1690 3353 et
1724 3313 1856 3353 modo
1887 3312 2005 3354 venit
