2198 3845
335 398 413 438 134
593 396 811 428 RECORDS
843 396 903 427 OF
936 396 1036 426 THE
1068 394 1303 427 BOROUGH
1336 395 1396 426 OF
1430 394 1776 426 NOTTINGHAM.
1913 382 2045 440 [1339

331 518 451 558 Loco
472 531 607 558 unum
630 517 904 571 capellanum
932 516 1155 570 ydoneum
1186 516 1240 557 ad
1264 516 1426 557 dictam
1456 515 1707 565 cantariam,
1729 514 1839 555 infra
1860 513 2046 568 quadra-

328 591 451 644 ginta
487 592 579 632 dies
616 598 780 632 extunc
818 590 1020 643 proxime
1056 596 1299 642 sequentes,
1336 596 1593 643 praesentet.
1671 588 1877 631 Concessi
1913 587 2046 628 etiam

329 665 492 705 eisdem
527 664 736 706 Gervasio
768 670 811 704 et
842 663 1066 704 willelmo
1097 664 1152 704 de
1188 663 1402 713 Holbeck,
1425 663 1672 717 capellanis,
1695 669 1739 703 et
1770 675 1919 703 eorum
1952 674 2046 702 suc-

329 738 580 788 cessoribus,
614 737 859 791 capellanis,
893 737 1040 777 divina
1072 737 1252 790 singulis
1290 737 1443 778 diebus
1479 737 1521 777 in
1559 737 1713 777 eadem
1751 736 1933 776 ecclesia
1968 748 2048 788 pro

328 812 557 853 animabus
594 811 826 865 praedictis
864 812 1185 864 imperpetuum
1222 810 1512 859 celebraturis,
1550 823 1684 850 unum
1719 815 2046 850 tenementum1

323 885 473 939 jacens
515 886 557 926 in
599 886 695 926 vico
736 885 808 938 qui
844 892 1024 926 vocatur
1071 884 1131 924 ‘le
1174 884 1469 926 Stonestrete’
1512 884 1553 923 in
1592 884 1745 924 eadem
1787 882 1898 931 villa,
1937 882 2048 922 inter

328 966 629 1000 tenementum
663 959 845 1000 W'alteri
881 959 920 999 le
955 958 1152 998 Palmere
1189 972 1245 998 ex
1283 964 1407 1011 parte
1444 957 1632 1006 australi,
1667 963 1710 997 et
1745 961 2047 996 tenementum

328 1032 536 1073 willelmi
569 1033 624 1073 de
659 1032 958 1085 XVodeburgh’
995 1045 1051 1072 ex
1086 1038 1209 1084 parte
1242 1031 1405 1080 boriali,
1440 1037 1482 1072 et
1519 1030 1721 1071 extendit
1755 1043 1799 1070 se
1833 1029 1875 1068 in
1910 1028 2048 1082 longi-

328 1106 479 1146 tudine
516 1119 541 1146 a
573 1106 798 1158 praedicto
832 1106 927 1146 vico
961 1119 1098 1158 usque
1131 1105 1186 1145 ad
1222 1112 1522 1146 tenementum
1558 1104 1758 1144 Thomae
1794 1102 2048 1143 Lambock:

328 1178 579 1219 habendum
612 1185 655 1219 et
692 1179 932 1219 tenendum
967 1178 1131 1219 eisdem
1167 1178 1377 1220 Gervasio
1411 1185 1453 1219 et
1486 1177 1710 1218 &Villelmo
1743 1177 1798 1217 de
1835 1176 2049 1226 Holbeck,

328 1258 370 1293 et
404 1252 723 1292 successoribus
758 1253 855 1301 suis,
890 1252 1136 1305 capellanis,
1172 1266 1250 1305 pro
1283 1251 1505 1292 communi
1542 1251 1813 1291 habitatione
1847 1264 1935 1299 sua,
1971 1250 2049 1290 irn-

328 1332 598 1378 perpetuum,
622 1325 676 1365 de
699 1325 958 1378 capitalibus
981 1325 1170 1365 dominis
1193 1324 1307 1365 feodi
1338 1325 1450 1365 illius
1479 1339 1554 1377 per
1583 1324 1756 1364 servitia
1779 1324 1880 1364 inde
1902 1323 2050 1364 debita

329 1406 371 1440 et
401 1406 635 1440 consueta:
668 1399 728 1439 ita
750 1399 867 1451 quod
898 1398 1107 1451 praedicti
1142 1398 1375 1439 Gervasius
1407 1405 1449 1439 et
1478 1398 1724 1438 XVillelmus
1747 1398 1802 1438 de
1834 1397 2049 1446 Holbeck,

329 1478 371 1513 et
394 1486 662 1513 successores
686 1473 761 1521 sui,
785 1471 1009 1526 capellani,
1034 1472 1256 1512 inveniant
1281 1472 1602 1525 imperpetuum
1626 1472 1736 1512 duos
1758 1485 1904 1512 cereos
1927 1484 2050 1511 cerae

332 1547 386 1586 de
422 1546 615 1599 pondere
652 1560 731 1587 sex
774 1546 978 1586 librarum
1022 1559 1156 1594 cerae,
1194 1546 1248 1586 ad
1287 1545 1632 1585 comburendum
1676 1544 1856 1598 singulis
1897 1544 2051 1584 diebus

332 1620 575 1660 Dominicis
617 1627 660 1661 et
701 1619 864 1660 festivis
906 1620 946 1659 in
989 1619 1171 1659 ecclesia
1212 1619 1434 1672 praedicta
1475 1632 1604 1672 super
1645 1618 1861 1659 tumulum
1905 1630 2051 1657 meum

331 1693 540 1746 quamdiu
579 1693 711 1733 missa
753 1694 806 1733 ad
850 1706 1070 1733 summum
1114 1692 1249 1733 altare
1286 1692 1412 1733 fuerit
1454 1692 1495 1732 in
1534 1692 1836 1741 celebratione,
1873 1692 1928 1732 de
1964 1690 2052 1731 suis

331 1767 514 1820 propriis
537 1767 793 1820 sumptibus.
858 1767 908 1806 In
939 1766 1060 1819 cujus
1090 1766 1147 1806 rci
1177 1766 1476 1807 testimonium
1500 1766 1599 1806 huic
1621 1772 1766 1806 cartae
1788 1765 2052 1814 indentatae,

331 1847 374 1881 et
406 1840 448 1880 in
481 1847 667 1894 quatuor
698 1840 894 1893 partibus
923 1840 1094 1880 divisim
1128 1839 1362 1889 confectae,
1392 1839 1581 1893 sigillum
1615 1853 1760 1880 meum
1793 1846 1858 1880 est
1890 1852 2053 1892 appen-

332 1928 454 1954 sum:
505 1928 688 1967 quarum
741 1927 828 1955 una
878 1927 977 1967 pars
1019 1927 1152 1966 penes
1195 1926 1275 1962 me,
1317 1913 1497 1954 heredes
1539 1920 1582 1954 et
1623 1919 1879 1954 executores
1922 1925 2054 1961 rneOS,

333 1995 555 2039 remanet3
608 1989 800 2029 secunda
841 2002 940 2041 pars
982 2001 1115 2040 penes
1157 1987 1323 2027 dictum
1366 1987 1653 2040 capellanum,
1695 1992 1738 2027 et
1785 1998 2054 2026 successores

333 2076 433 2103 suos
452 2077 460 2113 ;
493 2062 620 2103 tertia
642 2076 741 2115 pars
765 2075 898 2115 penes
921 2061 1167 2114 praedictos
1189 2061 1424 2110 Vicarium‚
1449 2060 1676 2114 Majorem‚
1699 2066 1743 2101 et
1765 2060 1904 2100 socios
1926 2072 2027 2100 suos
2046 2073 2054 2109 ;

334 2143 377 2177 et
399 2143 555 2190 quarta
583 2150 682 2190 pars
712 2149 845 2189 penes
868 2136 1033 2176 dictum
1066 2134 1256 2175 Priorem
1287 2141 1492 2175 remanet.
1558 2134 1656 2174 Hiis
1688 2133 1898 2174 testibus:
1933 2133 2055 2173 Hen-

334 2210 422 2250 rico
459 2211 514 2250 de
557 2209 808 2259 Cestrefeld,
846 2216 949 2250 tunc
991 2209 1161 2261 Majore
1203 2208 1329 2249 villae
1372 2208 1726 2261 Notingharniae,
1762 2207 1965 2260 Johanne
2001 2206 2056 2247 de

337 2283 499 2324 Baston
530 2290 573 2324 et
604 2283 793 2324 Ricardo
816 2283 870 2323 cle
902 2281 1079 2331 Halum,
1103 2288 1205 2322 tunc
1240 2282 1415 2322 Ballivis
1448 2281 1644 2335 ejusdem
1673 2280 1810 2330 villae,
1833 2275 2057 2320 willelmo

335 2357 390 2397 de
413 2357 605 2399 Gotham
636 2358 690 2397 de
723 2356 1008 2409 Notingham‚
1034 2355 1229 2396 Roberto
1258 2356 1312 2395 de
1343 2354 1552 2408 Crophull
1581 2355 1635 2395 de
1667 2354 1832 2403 eadem,
1854 2352 2057 2406 Johanne

336 2431 375 2471 le
412 2431 556 2473 Colier
596 2431 651 2471 de
692 2431 857 2478 eadem,
902 2430 1076 2482 Rogero
1118 2429 1173 2469 de
1215 2428 1426 2469 Botehale
1467 2428 1521 2468 de
1562 2428 1727 2476 eadem,
1771 2425 1963 2467 Radulfo
2003 2426 2058 2466 de

336 2505 561 2546 &Vollaton
585 2505 640 2545 de
669 2504 834 2553 eadem,
861 2503 1054 2556 Hugone
1083 2502 1122 2542 le
1152 2502 1304 2555 Spicer
1325 2502 1380 2542 de
1409 2502 1575 2551 eadem,
1597 2500 1822 2541 Willelmo
1844 2500 1899 2540 de
1922 2499 2058 2552 Crop-

336 2578 427 2619 hull
445 2580 499 2620 de
521 2579 686 2628 eadem,
704 2577 928 2619 W'illelmo
946 2577 1000 2617 de
1025 2576 1276 2617 Roderham
1300 2576 1354 2616 de
1376 2576 1541 2626 eadem,
1563 2574 1754 2616 Radulfo
1776 2574 1815 2615 le
1837 2575 2059 2615 Taverner

336 2652 391 2693 de
427 2653 592 2702 eadem,
629 2652 832 2705 Johanne
868 2651 922 2691 de
959 2650 1140 2702 Tumby
1175 2650 1231 2690 de
1267 2650 1453 2699 eadem,2
1489 2656 1531 2690 et
1568 2649 1671 2690 aliis.
1735 2649 1902 2689 Datum
1939 2648 2057 2701 apud

340 2725 625 2779 Notingham,
663 2725 733 2765 die
770 2724 926 2765 Martis
962 2723 1167 2776 proximo
1203 2730 1303 2776 post
1339 2722 1497 2764 festum
1537 2722 1687 2766 Sancti
1725 2722 1862 2762 Marci
1901 2722 2058 2762 Ewan-

337 2799 527 2852 gelistae‚
558 2812 674 2839 anno
711 2798 830 2851 regni
867 2797 1000 2850 Regis
1040 2797 1244 2838 Edwardi
1279 2797 1414 2837 Tertii
1447 2803 1547 2850 post
1577 2797 1878 2849 Conquestum
1911 2794 2058 2836 tertio-

337 2872 518 2921 decimo,
542 2885 658 2912 anno
682 2870 862 2911 Domini
886 2870 1119 2910 millesimo
1143 2870 1313 2912 CCCmo
1335 2870 1553 2911 tricesimo
1576 2883 1701 2910 nono.
1931 2878 2054 2920 4377.

482 3034 593 3088 [lee
615 3047 751 3074 verses
762 3033 943 3086 printed
959 3039 1007 3072 at
1026 3032 1092 3072 [lle
1103 3033 1201 3084 foot
1219 3033 1274 3084 of
1285 3039 1382 3072 navt
1401 3032 1508 3072 daed
1522 3032 1611 3072 also
1621 3031 1775 3083 follow
1795 3029 1920 3083 llere]

404 3217 412 3231 ¹
438 3214 503 3246 No.
524 3212 609 3253 4376
622 3212 703 3243 adds
724 3213 731 3227 ‘
743 3222 817 3243 cum
835 3210 1063 3253 pertinentiis.’
1265 3211 1424 3252 arranged
1441 3210 1474 3241 in
1491 3210 1641 3241 different
1662 3209 1768 3247 order,
1788 3208 1852 3239 and
1876 3208 2001 3239 Robert
2018 3207 2059 3238 de

404 3273 416 3286 ²
440 3269 479 3300 In
520 3269 583 3299 No.
624 3267 708 3308 4376
747 3267 837 3299 these
876 3267 1042 3298 witnesses
1079 3276 1134 3296 are
1266 3264 1458 3295 Morewode
1473 3264 1538 3296 and
1553 3264 1696 3295 Richard
1713 3263 1812 3294 Dodd
1830 3273 1884 3293 are
1900 3262 2019 3293 added.
