2198 3845
344 423 420 453 122
603 424 822 458 RECORDS
853 425 913 457 OF
946 426 1046 457 THE
1079 426 1314 459 BOROUGH
1347 427 1408 459 OF
1441 427 1787 460 NOTTINGHAM.
1924 417 2052 474 [1335

339 544 534 585 Domino
570 546 680 599 Regi
717 560 796 586 nec
833 547 1064 587 heredibus
1097 548 1184 588 suis
1221 549 1464 602 dampnum
1500 562 1586 590 non
1622 549 1697 591 fiat
1733 551 1788 591 de
1823 550 2056 591 venatione

337 631 423 658 sua.
488 619 595 659 Idco
617 633 871 660 concessum
902 622 1107 673 estquod
1137 622 1347 674 praedicti
1378 622 1523 675 Major
1551 629 1594 663 et
1623 623 1866 676 Burgenses
1895 629 2054 664 terram

336 705 459 732 suam
490 693 606 745 apud
637 693 911 746 Notingham
941 695 1211 747 praedictam
1241 695 1453 736 tenebunt
1479 702 1522 736 et
1551 696 1806 749 gaudebunt
1835 703 1962 737 extra
1992 710 2054 736 re-

336 766 529 817 gardam‚
559 773 688 819 prout
720 767 837 819 prius
871 774 1113 809 tenuerunt.
1177 769 1236 809 Et
1265 770 1319 809 de
1348 769 1569 822 leporariis
1598 776 1641 811 et
1674 770 1853 811 canibus
1882 770 1969 810 suis
1998 770 2054 810 ad

335 837 502 891 lepores
544 846 587 880 et
623 840 773 893 vulpes
810 842 1045 882 currendos
1082 848 1124 883 et
1160 843 1408 895 capiendos,
1441 843 1591 884 dicunt
1622 844 1740 897 quod
1778 857 1834 884 ex
1872 844 2055 896 antiqua

335 913 659 963 consuetudine,
698 921 740 955 ct
777 929 802 955 a
837 922 1035 969 tempore
1071 930 1158 969 quo
1195 930 1281 957 non
1319 924 1444 958 extat
1482 919 1702 968 memoria,
1740 918 1974 972 leporarios
2011 924 2055 958 et

334 998 463 1026 canes
499 986 754 1037 habuerunt,
793 988 872 1042 [et]
910 989 1078 1043 lepores
1115 997 1157 1031 et
1199 991 1349 1044 vulpes
1391 997 1599 1044 ceperunt
1635 998 1762 1032 extra
1798 998 2052 1044 coopertum

337 1059 551 1100 Forestae.
616 1062 723 1101 Ideo
755 1075 1010 1103 concessum
1041 1070 1106 1104 cst
1128 1065 1245 1117 quod
1275 1065 1436 1105 amodo
1465 1065 1700 1118 lcporarios
1729 1072 1772 1106 et
1801 1079 1930 1106 canes
1952 1079 2053 1105 51105

334 1132 524 1174 habeant
561 1141 603 1175 et
640 1141 819 1177 teneant
855 1137 910 1177 ad
943 1137 1051 1178 tales
1084 1137 1313 1191 fugiendos
1332 1153 1340 1188 ;
1383 1139 1442 1179 ita
1473 1153 1644 1193 semper
1676 1140 1793 1192 quod
1826 1139 2054 1180 occasione

333 1206 584 1259 hujusmodi
628 1208 839 1250 libertatis
883 1211 1077 1251 Domino
1121 1211 1242 1265 Regi,
1281 1226 1358 1253 nec
1401 1213 1631 1254 heredibus
1673 1213 1771 1263 suis,
1809 1214 2052 1266 dampnum

334 1293 420 1320 non
446 1280 520 1322 fiat
542 1282 596 1322 de
619 1283 851 1324 venatione
872 1298 958 1324 sua.

422 1355 513 1395 Ista
535 1356 661 1409 copia
683 1363 883 1398 extracta
905 1357 985 1399 fuit
1007 1358 1062 1399 de
1091 1359 1241 1400 rotulis
1272 1360 1612 1413 Justitiariorum
1643 1361 1684 1401 in
1717 1361 1877 1402 Itinere
1906 1373 2051 1401 coram

333 1427 507 1469 Thoma
546 1430 812 1483 Longvilers‚
853 1432 1104 1473 Scncscallo
1148 1434 1354 1474 Forestae
1390 1435 1444 1474 de
1483 1435 1744 1483 Schirwode,
1782 1441 1825 1475 et
1867 1434 2054 1475 allocata

333 1501 413 1543 fuit
441 1504 557 1556 apud
589 1504 863 1545 Maunesfcld
888 1506 929 1545 in
960 1507 1206 1559 praesentia
1228 1508 1423 1547 omnium
1449 1508 1743 1548 ministrorum
1770 1508 1985 1556 Forestae‚
2009 1513 2052 1547 et

331 1576 512 1617 aliorum
543 1577 704 1618 ibidem
735 1579 1019 1631 plurimorum
1050 1581 1333 1622 existentium
1357 1588 1399 1622 ct
1423 1580 1760 1631 testificantium,
1785 1595 1901 1622 anno
1930 1582 2050 1634 regni

335 1650 467 1704 Regis
503 1652 706 1693 Edwardi
731 1653 803 1693 filii
830 1654 962 1707 Regis
988 1655 1192 1695 Edwardi
1216 1656 1301 1708 vjt‘).
1760 1667 1880 1706 3944,
1905 1655 1949 1695 in
1971 1655 2049 1695 ced.

559 1973 1015 2013 LXI.—Em‘0lmcnls
1035 1975 1089 2025 of
1105 1974 1267 2014 Grants
1288 1980 1327 2014 lo
1361 1974 1551 2014 ltfz'llz'am
1575 1975 1624 2014 de
1645 1974 1820 2026 Amas.

955 2074 1070 2115 1335,
1096 2064 1346 2104 November
1370 2075 1431 2114 29.

417 2166 491 2207 Ad
515 2167 642 2208 istam
668 2168 844 2210 Curiam
868 2176 1078 2210 venerunt
1103 2170 1332 2220 Robertus,
1357 2169 1466 2211 filius
1491 2170 1652 2223 Rogeri
1675 2170 1729 2211 de
1753 2169 1973 2224 Crophull,
1996 2171 2050 2211 de

332 2240 618 2293 Notingham,
643 2248 685 2282 et
716 2242 915 2284 Elizabet
944 2257 1058 2284 uxor
1086 2244 1189 2297 ejus,
1213 2244 1407 2285 unanimi
1437 2257 1615 2285 assensu
1645 2250 1687 2285 ct
1709 2245 1801 2297 pari
1824 2245 2050 2286 voluntate

329 2314 553 2364 dederunt,
596 2323 914 2367 concesserunt,
957 2324 999 2358 et
1040 2324 1160 2359 carta
1200 2333 1278 2358 sua
1319 2317 1694 2366 confirmaverunt,
1737 2318 1959 2358 Willelmo
1995 2319 2050 2359 de

329 2387 512 2440 Amyas,
531 2389 586 2429 de
610 2390 895 2443 Notingham‚
914 2398 999 2432 tres
1022 2405 1143 2432 acras
1165 2398 1304 2433 terrae
1326 2398 1368 2433 et
1391 2405 1522 2432 unam
1546 2392 1754 2432 selionem
1778 2398 1926 2441 terrae,
1949 2405 2048 2432 cum

329 2464 611 2516 pertinentiis,
650 2466 846 2519 jacentes
889 2467 930 2508 in
974 2481 1131 2521 campo
1173 2467 1544 2521 Notinghamiae3
1590 2481 1773 2520 quarum
1822 2480 1908 2507 una
1950 2481 2049 2508 acra

324 2537 441 2590 jacet
475 2552 604 2592 super
637 2540 948 2593 &Rbfndeshers
983 2548 1026 2582 et
1059 2542 1176 2595 jacet
1206 2541 1338 2595 juxta
1374 2541 1537 2594 regiam
1574 2541 1689 2581 viam
1724 2554 1836 2594 quae
1869 2541 1988 2582 ducit
2024 2555 2050 2582 a

331 2611 550 2661 Posterno,
585 2619 628 2654 et
661 2614 835 2655 abuttat
869 2616 924 2656 ad
958 2629 1093 2656 unum
1128 2622 1260 2669 caput
1296 2629 1425 2668 super
1457 2621 1616 2656 terram
1651 2628 1783 2667 quam
1824 2614 2048 2667 Johannes

330 2685 458 2738 Bully
480 2692 610 2736 tenet,
634 2693 676 2728 et
706 2687 798 2741 [ad]
829 2688 945 2729 aliud
975 2695 1106 2742 caput
1135 2703 1264 2742 super
1292 2689 1455 2742 regiam
1482 2689 1597 2729 viam
1620 2702 1731 2741 quae
1753 2688 1873 2728 ducit
1901 2701 2048 2729 versus

330 2758 542 2810 Lenton’;
575 2767 617 2801 et
649 2775 736 2802 una
768 2776 866 2802 acra
895 2762 1011 2815 jacet
1043 2763 1159 2816 apud
1193 2763 1493 2803 molendinum
1527 2763 1803 2804 ventriticum
1838 2762 2047 2815 praedicti

327 2832 535 2873 willelmi
558 2835 613 2875 de
635 2834 818 2888 AmyaS‚
836 2835 947 2876 inter
969 2842 1127 2877 terram
1150 2836 1359 2889 praedicti
1382 2835 1590 2877 willelmi
1614 2849 1671 2876 cx
1693 2842 1876 2888 utraque
1898 2841 2020 2888 parte
2039 2849 2047 2885 ;

328 2911 370 2945 et
406 2920 493 2946 una
529 2921 630 2948 acra
666 2907 783 2961 jacet
820 2909 861 2948 in
908 2909 1166 2962 Lyngedale
1197 2910 1329 2963 juxta
1362 2916 1520 2950 terram
1557 2909 1738 2950 Roberti
1778 2909 1954 2962 Ingram
1989 2922 2046 2949 ex

327 2985 450 3031 parte
482 2980 692 3030 orientali,
722 2988 765 3023 et
794 2982 966 3023 abuttat
995 2983 1050 3023 ad
1084 2983 1256 3036 [unum]
1289 2990 1421 3036 caput
1451 2996 1598 3024 versus
1633 2983 1672 3023 le
1707 2983 1884 3036 Lynges
1918 2996 2048 3036 super

327 3058 485 3093 terram
524 3055 735 3106 praedicti
774 3056 955 3097 Roberti
992 3057 1182 3109 Ingram,
1217 3063 1260 3097 et
1296 3056 1413 3097 aliud
1446 3063 1577 3109 caput
1613 3070 1741 3109 super
1782 3055 2045 3105 W'rendale3

327 3132 369 3166 et
405 3140 492 3167 una
527 3128 633 3168 selio
661 3129 779 3182 jacet
812 3131 928 3182 apud
967 3130 1312 3183 Chapellebarre,
1345 3130 1456 3171 inter
1486 3137 1645 3171 terram
1679 3131 1889 3183 praedicti
1922 3129 2045 3170 Will-

327 3200 427 3240 elmi
451 3201 505 3241 de
532 3201 704 3255 Amyas
734 3209 776 3243 et
805 3209 964 3244 terram
994 3204 1202 3244 willelmi
1225 3204 1280 3244 de
1310 3203 1530 3256 Crophull,
1553 3210 1596 3244 et
1624 3204 1797 3244 abuttat
1825 3203 1880 3243 ad
1909 3216 2044 3243 unum

327 3280 458 3326 caput
495 3289 623 3328 super
656 3276 1005 3329 Wyndesh[ers],
1041 3284 1084 3318 et
1116 3277 1232 3317 aliud
1265 3284 1397 3329 caput
1428 3291 1557 3330 super
1587 3277 1750 3330 regiam
1785 3277 1899 3317 viam
1934 3289 2046 3329 quae

328 3347 447 3388 ducit
481 3362 628 3388 versus
665 3349 914 3390 Radeford:
946 3350 1198 3390 habendum
1229 3356 1271 3390 et
1301 3350 1538 3390 tenendum
1568 3351 1792 3402 praedicto
1823 3349 2045 3390 willelmo
