<?xml version="1.0" encoding="UTF-8"?>
<!DOCTYPE html PUBLIC "-//W3C//DTD XHTML 1.0 Transitional//EN"
    "http://www.w3.org/TR/xhtml1/DTD/xhtml1-transitional.dtd">
<html xmlns="http://www.w3.org/1999/xhtml" xml:lang="en" lang="en">
 <head>
  <title>
</title>
<meta http-equiv="Content-Type" content="text/html;charset=utf-8" />
  <meta name='ocr-system' content='tesseract 3.04.00' />
  <meta name='ocr-capabilities' content='ocr_page ocr_carea ocr_par ocr_line ocrx_word'/>
</head>
<body>
  <div class='ocr_page' id='page_1' title='image "./recordsofborough01nott_0310.png"; bbox 0 0 2198 3845; ppageno 0'>
   <div class='ocr_carea' id='block_1_1' title="bbox 307 413 2030 473">
    <p class='ocr_par' dir='ltr' id='par_1_1' title="bbox 307 413 2030 473">
     <span class='ocr_line' id='line_1_1' title="bbox 307 413 2030 473; baseline 0.004 -22"><span class='ocrx_word' id='word_1_1' title='bbox 307 413 388 452; x_wconf 88' lang='lat'>286</span> <span class='ocrx_word' id='word_1_2' title='bbox 575 424 793 458; x_wconf 76' lang='lat' dir='ltr'>RECORDs</span> <span class='ocrx_word' id='word_1_3' title='bbox 825 426 886 458; x_wconf 84' lang='lat' dir='ltr'>OF</span> <span class='ocrx_word' id='word_1_4' title='bbox 919 427 1018 458; x_wconf 82' lang='lat' dir='ltr'>THE</span> <span class='ocrx_word' id='word_1_5' title='bbox 1051 426 1286 459; x_wconf 81' lang='lat' dir='ltr'><strong>BOROUGH</strong></span> <span class='ocrx_word' id='word_1_6' title='bbox 1321 426 1380 458; x_wconf 83' lang='lat' dir='ltr'>oF</span> <span class='ocrx_word' id='word_1_7' title='bbox 1416 425 1763 458; x_wconf 51' lang='lat' dir='ltr'>NOTTINGHABL</span> <span class='ocrx_word' id='word_1_8' title='bbox 1897 415 2030 473; x_wconf 46' lang='lat'><strong>{3396</strong></span> 
     </span>
    </p>
   </div>
   <div class='ocr_carea' id='block_1_2' title="bbox 301 544 2032 1560">
    <p class='ocr_par' dir='ltr' id='par_1_2' title="bbox 303 544 2029 747">
     <span class='ocr_line' id='line_1_2' title="bbox 388 544 2029 601; baseline 0.003 -17"><span class='ocrx_word' id='word_1_9' title='bbox 388 544 612 597; x_wconf 85' lang='lat' dir='ltr'>Johannes</span> <span class='ocrx_word' id='word_1_10' title='bbox 638 548 819 600; x_wconf 86' lang='lat' dir='ltr'>Bogher‚</span> <span class='ocrx_word' id='word_1_11' title='bbox 838 548 892 588; x_wconf 90' lang='lat' dir='ltr'>de</span> <span class='ocrx_word' id='word_1_12' title='bbox 916 548 1267 601; x_wconf 71' lang='lat' dir='ltr'>Gaynesburgffl,</span> <span class='ocrx_word' id='word_1_13' title='bbox 1286 547 1426 588; x_wconf 80' lang='lat' dir='ltr'>factus</span> <span class='ocrx_word' id='word_1_14' title='bbox 1449 554 1514 588; x_wconf 89' lang='lat' dir='ltr'>est</span> <span class='ocrx_word' id='word_1_15' title='bbox 1539 548 1774 601; x_wconf 87' lang='lat' dir='ltr'>Burgensis</span> <span class='ocrx_word' id='word_1_16' title='bbox 1797 554 1840 588; x_wconf 90' lang='lat' dir='ltr'>et</span> <span class='ocrx_word' id='word_1_17' title='bbox 1859 547 2029 600; x_wconf 82' lang='lat' dir='ltr'>juratus</span> 
     </span>
     <span class='ocr_line' id='line_1_3' title="bbox 303 619 2028 674; baseline 0.002 -17"><span class='ocrx_word' id='word_1_18' title='bbox 303 631 382 670; x_wconf 88' lang='lat' dir='ltr'>pro</span> <span class='ocrx_word' id='word_1_19' title='bbox 403 619 478 672; x_wconf 85' lang='lat' dir='ltr'>vjs.</span> <span class='ocrx_word' id='word_1_20' title='bbox 502 620 628 672; x_wconf 83' lang='lat' dir='ltr'>viijd.,</span> <span class='ocrx_word' id='word_1_21' title='bbox 652 627 694 661; x_wconf 92' lang='grc' dir='ltr'>θῖ</span> <span class='ocrx_word' id='word_1_22' title='bbox 716 621 848 662; x_wconf 84' lang='lat' dir='ltr'>habet</span> <span class='ocrx_word' id='word_1_23' title='bbox 871 622 986 662; x_wconf 87' lang='lat' dir='ltr'>diem</span> <span class='ocrx_word' id='word_1_24' title='bbox 1017 635 1154 674; x_wconf 88' lang='lat' dir='ltr'>usque</span> <span class='ocrx_word' id='word_1_25' title='bbox 1182 621 1341 662; x_wconf 85' lang='lat' dir='ltr'>festum</span> <span class='ocrx_word' id='word_1_26' title='bbox 1372 621 1628 661; x_wconf 82' lang='lat' dir='ltr'>Nativitatis</span> <span class='ocrx_word' id='word_1_27' title='bbox 1659 621 1821 662; x_wconf 86' lang='lat' dir='ltr'>Beatae</span> <span class='ocrx_word' id='word_1_28' title='bbox 1851 622 2028 672; x_wconf 87' lang='lat' dir='ltr'>Mariae,</span> 
     </span>
     <span class='ocr_line' id='line_1_4' title="bbox 303 692 1474 747; baseline 0.003 -16"><span class='ocrx_word' id='word_1_29' title='bbox 303 698 346 732; x_wconf 84' lang='lat' dir='ltr'>et</span> <span class='ocrx_word' id='word_1_30' title='bbox 369 692 469 732; x_wconf 86' lang='lat' dir='ltr'>inde</span> <span class='ocrx_word' id='word_1_31' title='bbox 492 693 656 734; x_wconf 82' lang='lat' dir='ltr'>invenit</span> <span class='ocrx_word' id='word_1_32' title='bbox 679 695 870 747; x_wconf 80' lang='lat' dir='ltr'>plegium</span> <span class='ocrx_word' id='word_1_33' title='bbox 898 696 1138 736; x_wconf 84' lang='lat' dir='ltr'>Henricum</span> <span class='ocrx_word' id='word_1_34' title='bbox 1163 696 1217 735; x_wconf 92' lang='lat' dir='ltr'>de</span> <span class='ocrx_word' id='word_1_35' title='bbox 1242 695 1474 747; x_wconf 81' lang='lat' dir='ltr'>Plumptre.</span> 
     </span>
    </p>

    <p class='ocr_par' dir='ltr' id='par_1_3' title="bbox 302 766 2029 968">
     <span class='ocr_line' id='line_1_5' title="bbox 390 766 2029 821; baseline 0.002 -15"><span class='ocrx_word' id='word_1_36' title='bbox 390 766 585 807; x_wconf 89' lang='lat' dir='ltr'>Thomas</span> <span class='ocrx_word' id='word_1_37' title='bbox 620 768 779 808; x_wconf 84' lang='lat' dir='ltr'>Bulker</span> <span class='ocrx_word' id='word_1_38' title='bbox 811 768 950 809; x_wconf 83' lang='lat' dir='ltr'>factus</span> <span class='ocrx_word' id='word_1_39' title='bbox 983 776 1048 809; x_wconf 85' lang='lat' dir='ltr'>est</span> <span class='ocrx_word' id='word_1_40' title='bbox 1082 769 1314 821; x_wconf 82' lang='lat' dir='ltr'>Burgensis</span> <span class='ocrx_word' id='word_1_41' title='bbox 1347 775 1390 808; x_wconf 87' lang='lat' dir='ltr'>et</span> <span class='ocrx_word' id='word_1_42' title='bbox 1419 768 1588 820; x_wconf 86' lang='lat' dir='ltr'>juratus</span> <span class='ocrx_word' id='word_1_43' title='bbox 1620 781 1698 821; x_wconf 85' lang='lat' dir='ltr'>pro</span> <span class='ocrx_word' id='word_1_44' title='bbox 1726 768 1801 821; x_wconf 87' lang='lat' dir='ltr'>vjs.</span> <span class='ocrx_word' id='word_1_45' title='bbox 1825 768 1953 821; x_wconf 87' lang='lat' dir='ltr'>viijd.,</span> <span class='ocrx_word' id='word_1_46' title='bbox 1986 775 2029 810; x_wconf 84' lang='lat' dir='ltr'>et</span> 
     </span>
     <span class='ocr_line' id='line_1_6' title="bbox 302 839 2029 894; baseline 0.002 -15"><span class='ocrx_word' id='word_1_47' title='bbox 302 839 434 880; x_wconf 84' lang='lat' dir='ltr'>habet</span> <span class='ocrx_word' id='word_1_48' title='bbox 466 841 580 880; x_wconf 86' lang='lat' dir='ltr'>diem</span> <span class='ocrx_word' id='word_1_49' title='bbox 615 855 751 894; x_wconf 83' lang='lat' dir='ltr'>usque</span> <span class='ocrx_word' id='word_1_50' title='bbox 784 842 942 882; x_wconf 84' lang='lat' dir='ltr'>festum</span> <span class='ocrx_word' id='word_1_51' title='bbox 977 843 1231 883; x_wconf 76' lang='lat' dir='ltr'>Nativitatis</span> <span class='ocrx_word' id='word_1_52' title='bbox 1266 843 1428 882; x_wconf 86' lang='lat' dir='ltr'>Beatae</span> <span class='ocrx_word' id='word_1_53' title='bbox 1461 842 1638 891; x_wconf 88' lang='lat' dir='ltr'>Mariae,</span> <span class='ocrx_word' id='word_1_54' title='bbox 1662 848 1704 882; x_wconf 91' lang='grc' dir='ltr'>θῖ</span> <span class='ocrx_word' id='word_1_55' title='bbox 1734 842 1836 882; x_wconf 88' lang='lat' dir='ltr'>inde</span> <span class='ocrx_word' id='word_1_56' title='bbox 1864 842 2029 883; x_wconf 84' lang='lat' dir='ltr'>invenit</span> 
     </span>
     <span class='ocr_line' id='line_1_7' title="bbox 302 913 1082 968; baseline 0.005 -16"><span class='ocrx_word' id='word_1_57' title='bbox 302 913 494 966; x_wconf 79' lang='lat' dir='ltr'>plegium</span> <span class='ocrx_word' id='word_1_58' title='bbox 521 915 759 968; x_wconf 85' lang='lat' dir='ltr'>Hugonem</span> <span class='ocrx_word' id='word_1_59' title='bbox 787 916 1082 957; x_wconf 84' lang='lat' dir='ltr'>Lastemaker.</span> 
     </span>
    </p>

    <p class='ocr_par' dir='ltr' id='par_1_4' title="bbox 301 988 2032 1189">
     <span class='ocr_line' id='line_1_8' title="bbox 390 988 2032 1043; baseline 0.001 -16"><span class='ocrx_word' id='word_1_60' title='bbox 390 988 532 1028; x_wconf 81' lang='lat' dir='ltr'>David</span> <span class='ocrx_word' id='word_1_61' title='bbox 566 989 786 1042; x_wconf 84' lang='lat' dir='ltr'>Kychyne</span> <span class='ocrx_word' id='word_1_62' title='bbox 817 989 955 1030; x_wconf 84' lang='lat' dir='ltr'>factus</span> <span class='ocrx_word' id='word_1_63' title='bbox 988 998 1053 1030; x_wconf 87' lang='lat' dir='ltr'>est</span> <span class='ocrx_word' id='word_1_64' title='bbox 1087 991 1320 1043; x_wconf 82' lang='lat' dir='ltr'>Burgensis</span> <span class='ocrx_word' id='word_1_65' title='bbox 1350 998 1393 1030; x_wconf 86' lang='lat' dir='ltr'>et</span> <span class='ocrx_word' id='word_1_66' title='bbox 1421 990 1592 1042; x_wconf 77' lang='lat' dir='ltr'>juratus</span> <span class='ocrx_word' id='word_1_67' title='bbox 1625 1003 1704 1042; x_wconf 85' lang='lat' dir='ltr'>pro</span> <span class='ocrx_word' id='word_1_68' title='bbox 1733 989 1808 1042; x_wconf 81' lang='lat' dir='ltr'>vjs.</span> <span class='ocrx_word' id='word_1_69' title='bbox 1833 989 1962 1042; x_wconf 87' lang='lat' dir='ltr'>viijd.,</span> <span class='ocrx_word' id='word_1_70' title='bbox 1985 996 2032 1041; x_wconf 27' lang='grc' dir='ltr'>θῖ-</span> 
     </span>
     <span class='ocr_line' id='line_1_9' title="bbox 301 1061 2029 1117; baseline 0.002 -17"><span class='ocrx_word' id='word_1_71' title='bbox 301 1061 433 1102; x_wconf 80' lang='lat' dir='ltr'>habet</span> <span class='ocrx_word' id='word_1_72' title='bbox 467 1062 582 1102; x_wconf 88' lang='lat' dir='ltr'>diem</span> <span class='ocrx_word' id='word_1_73' title='bbox 619 1076 755 1116; x_wconf 81' lang='lat' dir='ltr'>usque</span> <span class='ocrx_word' id='word_1_74' title='bbox 789 1065 843 1104; x_wconf 89' lang='lat' dir='ltr'>ad</span> <span class='ocrx_word' id='word_1_75' title='bbox 879 1063 1037 1104; x_wconf 82' lang='lat' dir='ltr'>festum</span> <span class='ocrx_word' id='word_1_76' title='bbox 1072 1064 1404 1117; x_wconf 83' lang='lat' dir='ltr'>Assumptionis</span> <span class='ocrx_word' id='word_1_77' title='bbox 1441 1064 1603 1104; x_wconf 85' lang='lat' dir='ltr'>Beatae</span> <span class='ocrx_word' id='word_1_78' title='bbox 1638 1064 1815 1112; x_wconf 82' lang='lat' dir='ltr'>Mariae,</span> <span class='ocrx_word' id='word_1_79' title='bbox 1850 1070 1893 1104; x_wconf 87' lang='lat' dir='ltr'>et</span> <span class='ocrx_word' id='word_1_80' title='bbox 1927 1064 2029 1104; x_wconf 88' lang='lat' dir='ltr'>inde</span> 
     </span>
     <span class='ocr_line' id='line_1_10' title="bbox 302 1135 1239 1189; baseline 0.003 -15"><span class='ocrx_word' id='word_1_81' title='bbox 302 1135 466 1175; x_wconf 74' lang='lat' dir='ltr'>invenit</span> <span class='ocrx_word' id='word_1_82' title='bbox 488 1136 681 1188; x_wconf 80' lang='lat' dir='ltr'><strong>plegium</strong></span> <span class='ocrx_word' id='word_1_83' title='bbox 703 1137 952 1189; x_wconf 74' lang='lat' dir='ltr'>johannem</span> <span class='ocrx_word' id='word_1_84' title='bbox 977 1139 1030 1178; x_wconf 89' lang='lat' dir='ltr'>de</span> <span class='ocrx_word' id='word_1_85' title='bbox 1056 1138 1239 1178; x_wconf 82' lang='lat' dir='ltr'>Bothall.</span> 
     </span>
    </p>

    <p class='ocr_par' dir='ltr' id='par_1_5' title="bbox 301 1209 2028 1560">
     <span class='ocr_line' id='line_1_11' title="bbox 390 1209 2028 1264; baseline 0.001 -15"><span class='ocrx_word' id='word_1_86' title='bbox 390 1209 606 1250; x_wconf 83' lang='lat' dir='ltr'>Robertus</span> <span class='ocrx_word' id='word_1_87' title='bbox 639 1212 693 1250; x_wconf 89' lang='lat' dir='ltr'>de</span> <span class='ocrx_word' id='word_1_88' title='bbox 728 1212 903 1260; x_wconf 80' lang='lat' dir='ltr'>Burt0n‚</span> <span class='ocrx_word' id='word_1_89' title='bbox 937 1212 1095 1264; x_wconf 83' lang='lat' dir='ltr'>glover,</span> <span class='ocrx_word' id='word_1_90' title='bbox 1129 1211 1268 1252; x_wconf 80' lang='lat' dir='ltr'>factus</span> <span class='ocrx_word' id='word_1_91' title='bbox 1301 1217 1366 1252; x_wconf 87' lang='lat' dir='ltr'>est</span> <span class='ocrx_word' id='word_1_92' title='bbox 1401 1211 1634 1264; x_wconf 82' lang='lat' dir='ltr'>Burgensis</span> <span class='ocrx_word' id='word_1_93' title='bbox 1669 1218 1711 1251; x_wconf 85' lang='lat' dir='ltr'>et</span> <span class='ocrx_word' id='word_1_94' title='bbox 1745 1211 1914 1263; x_wconf 85' lang='lat' dir='ltr'>juratus</span> <span class='ocrx_word' id='word_1_95' title='bbox 1949 1224 2028 1264; x_wconf 90' lang='lat' dir='ltr'>pro</span> 
     </span>
     <span class='ocr_line' id='line_1_12' title="bbox 301 1282 2027 1338; baseline 0.003 -18"><span class='ocrx_word' id='word_1_96' title='bbox 301 1282 374 1334; x_wconf 81' lang='lat' dir='ltr'>vjs.</span> <span class='ocrx_word' id='word_1_97' title='bbox 399 1283 526 1335; x_wconf 75' lang='lat' dir='ltr'>viijd.,</span> <span class='ocrx_word' id='word_1_98' title='bbox 557 1291 599 1324; x_wconf 86' lang='grc' dir='ltr'>θῖ</span> <span class='ocrx_word' id='word_1_99' title='bbox 629 1285 761 1325; x_wconf 81' lang='lat' dir='ltr'>habet</span> <span class='ocrx_word' id='word_1_100' title='bbox 791 1286 906 1326; x_wconf 92' lang='lat' dir='ltr'>diem</span> <span class='ocrx_word' id='word_1_101' title='bbox 938 1299 1075 1338; x_wconf 82' lang='lat' dir='ltr'>usque</span> <span class='ocrx_word' id='word_1_102' title='bbox 1104 1285 1263 1326; x_wconf 87' lang='lat' dir='ltr'>festum</span> <span class='ocrx_word' id='word_1_103' title='bbox 1287 1285 1618 1338; x_wconf 83' lang='lat' dir='ltr'>Assumptionis</span> <span class='ocrx_word' id='word_1_104' title='bbox 1653 1285 1815 1325; x_wconf 86' lang='lat' dir='ltr'>Beatae</span> <span class='ocrx_word' id='word_1_105' title='bbox 1849 1285 2027 1334; x_wconf 87' lang='lat' dir='ltr'>Mariae,</span> 
     </span>
     <span class='ocr_line' id='line_1_13' title="bbox 301 1357 2026 1412; baseline 0.002 -17"><span class='ocrx_word' id='word_1_106' title='bbox 301 1363 343 1396; x_wconf 89' lang='lat' dir='ltr'>et</span> <span class='ocrx_word' id='word_1_107' title='bbox 380 1357 439 1396; x_wconf 89' lang='lat' dir='ltr'>sic</span> <span class='ocrx_word' id='word_1_108' title='bbox 476 1357 576 1398; x_wconf 86' lang='lat' dir='ltr'>inde</span> <span class='ocrx_word' id='word_1_109' title='bbox 613 1360 860 1411; x_wconf 81' lang='lat' dir='ltr'>praedictus</span> <span class='ocrx_word' id='word_1_110' title='bbox 900 1360 1118 1400; x_wconf 86' lang='lat' dir='ltr'>Robertus</span> <span class='ocrx_word' id='word_1_111' title='bbox 1157 1359 1318 1412; x_wconf 77' lang='lat' dir='ltr'>juravit</span> <span class='ocrx_word' id='word_1_112' title='bbox 1355 1373 1484 1412; x_wconf 85' lang='lat' dir='ltr'>super</span> <span class='ocrx_word' id='word_1_113' title='bbox 1528 1359 1842 1412; x_wconf 84' lang='lat' dir='ltr'>Ewangelium,</span> <span class='ocrx_word' id='word_1_114' title='bbox 1880 1372 2026 1399; x_wconf 89' lang='lat' dir='ltr'>coram</span> 
     </span>
     <span class='ocr_line' id='line_1_14' title="bbox 302 1430 2026 1485; baseline 0.002 -15"><span class='ocrx_word' id='word_1_115' title='bbox 302 1430 472 1483; x_wconf 85' lang='lat' dir='ltr'>Majore</span> <span class='ocrx_word' id='word_1_116' title='bbox 512 1439 555 1472; x_wconf 83' lang='lat' dir='ltr'>et</span> <span class='ocrx_word' id='word_1_117' title='bbox 598 1433 773 1473; x_wconf 78' lang='lat' dir='ltr'>Ballivis</span> <span class='ocrx_word' id='word_1_118' title='bbox 816 1434 856 1473; x_wconf 84' lang='lat' dir='ltr'>in</span> <span class='ocrx_word' id='word_1_119' title='bbox 902 1434 1136 1475; x_wconf 82' lang='lat' dir='ltr'>Communi</span> <span class='ocrx_word' id='word_1_120' title='bbox 1172 1433 1300 1481; x_wconf 81' lang='lat' dir='ltr'>Aula,</span> <span class='ocrx_word' id='word_1_121' title='bbox 1344 1439 1390 1473; x_wconf 86' lang='lat' dir='ltr'>ut</span> <span class='ocrx_word' id='word_1_122' title='bbox 1432 1432 1618 1473; x_wconf 80' lang='lat' dir='ltr'>solveret</span> <span class='ocrx_word' id='word_1_123' title='bbox 1659 1432 1905 1485; x_wconf 85' lang='lat' dir='ltr'>praedictos</span> <span class='ocrx_word' id='word_1_124' title='bbox 1947 1445 2026 1473; x_wconf 85' lang='lat' dir='ltr'>sex</span> 
     </span>
     <span class='ocr_line' id='line_1_15' title="bbox 302 1503 1554 1560; baseline 0.002 -17"><span class='ocrx_word' id='word_1_125' title='bbox 302 1503 462 1544; x_wconf 87' lang='lat' dir='ltr'>solidos</span> <span class='ocrx_word' id='word_1_126' title='bbox 486 1511 527 1545; x_wconf 85' lang='lat' dir='ltr'>et</span> <span class='ocrx_word' id='word_1_127' title='bbox 550 1506 632 1558; x_wconf 82' lang='lat' dir='ltr'>viij.</span> <span class='ocrx_word' id='word_1_128' title='bbox 658 1507 858 1547; x_wconf 85' lang='lat' dir='ltr'>denarios</span> <span class='ocrx_word' id='word_1_129' title='bbox 882 1507 937 1547; x_wconf 87' lang='lat' dir='ltr'>ad</span> <span class='ocrx_word' id='word_1_130' title='bbox 960 1507 1259 1560; x_wconf 85' lang='lat' dir='ltr'>supradictum</span> <span class='ocrx_word' id='word_1_131' title='bbox 1284 1506 1453 1554; x_wconf 85' lang='lat' dir='ltr'>festum,</span> <span class='ocrx_word' id='word_1_132' title='bbox 1477 1513 1554 1546; x_wconf 86' lang='lat' dir='ltr'>etc.</span> 
     </span>
    </p>
   </div>
   <div class='ocr_carea' id='block_1_3' title="bbox 642 1646 1684 1685">
    <p class='ocr_par' dir='ltr' id='par_1_6' title="bbox 642 1646 1684 1685">
     <span class='ocr_line' id='line_1_16' title="bbox 642 1646 1684 1685; baseline 0.002 -3"><span class='ocrx_word' id='word_1_133' title='bbox 642 1646 891 1684; x_wconf 68' lang='lat' dir='ltr'>BURGENsEs</span> <span class='ocrx_word' id='word_1_134' title='bbox 925 1658 1040 1685; x_wconf 65' lang='lat' dir='ltr'>men</span> <span class='ocrx_word' id='word_1_135' title='bbox 1073 1658 1127 1684; x_wconf 82' lang='lat' dir='ltr'>DE</span> <span class='ocrx_word' id='word_1_136' title='bbox 1156 1658 1351 1685; x_wconf 80' lang='lat' dir='ltr'>TERMINO</span> <span class='ocrx_word' id='word_1_137' title='bbox 1383 1648 1684 1685; x_wconf 68' lang='lat' dir='ltr'>PENTEcos‘rEs.</span> 
     </span>
    </p>
   </div>
   <div class='ocr_carea' id='block_1_4' title="bbox 299 1732 2028 3040">
    <p class='ocr_par' dir='ltr' id='par_1_7' title="bbox 300 1732 2027 1931">
     <span class='ocr_line' id='line_1_17' title="bbox 385 1732 2027 1787; baseline 0.002 -16"><span class='ocrx_word' id='word_1_138' title='bbox 385 1732 610 1784; x_wconf 83' lang='lat' dir='ltr'>Johannes</span> <span class='ocrx_word' id='word_1_139' title='bbox 645 1733 832 1786; x_wconf 80' lang='lat' dir='ltr'>Knygth</span> <span class='ocrx_word' id='word_1_140' title='bbox 865 1733 1004 1774; x_wconf 85' lang='lat' dir='ltr'>factus</span> <span class='ocrx_word' id='word_1_141' title='bbox 1036 1742 1101 1774; x_wconf 86' lang='grc' dir='ltr'>θεῖ</span> <span class='ocrx_word' id='word_1_142' title='bbox 1136 1734 1369 1787; x_wconf 83' lang='lat' dir='ltr'>Burgensis</span> <span class='ocrx_word' id='word_1_143' title='bbox 1403 1740 1444 1774; x_wconf 85' lang='lat' dir='ltr'>et</span> <span class='ocrx_word' id='word_1_144' title='bbox 1478 1734 1648 1787; x_wconf 86' lang='lat' dir='ltr'>juratus</span> <span class='ocrx_word' id='word_1_145' title='bbox 1679 1747 1758 1786; x_wconf 88' lang='lat' dir='ltr'>pro</span> <span class='ocrx_word' id='word_1_146' title='bbox 1790 1733 1865 1786; x_wconf 82' lang='lat' dir='ltr'>vjs.</span> <span class='ocrx_word' id='word_1_147' title='bbox 1899 1733 2027 1787; x_wconf 86' lang='lat' dir='ltr'>viijd.,</span> 
     </span>
     <span class='ocr_line' id='line_1_18' title="bbox 300 1805 2024 1861; baseline 0.002 -17"><span class='ocrx_word' id='word_1_148' title='bbox 300 1810 343 1845; x_wconf 84' lang='lat' dir='ltr'>et</span> <span class='ocrx_word' id='word_1_149' title='bbox 385 1805 485 1845; x_wconf 86' lang='lat' dir='ltr'>inde</span> <span class='ocrx_word' id='word_1_150' title='bbox 527 1807 642 1846; x_wconf 90' lang='lat' dir='ltr'>idem</span> <span class='ocrx_word' id='word_1_151' title='bbox 683 1807 909 1859; x_wconf 84' lang='lat' dir='ltr'>Johannes</span> <span class='ocrx_word' id='word_1_152' title='bbox 951 1808 1090 1857; x_wconf 77' lang='lat' dir='ltr'>solvit,</span> <span class='ocrx_word' id='word_1_153' title='bbox 1129 1821 1274 1848; x_wconf 89' lang='lat' dir='ltr'>coram</span> <span class='ocrx_word' id='word_1_154' title='bbox 1319 1808 1490 1861; x_wconf 84' lang='lat' dir='ltr'>Majore</span> <span class='ocrx_word' id='word_1_155' title='bbox 1533 1808 1573 1848; x_wconf 90' lang='lat' dir='ltr'>in</span> <span class='ocrx_word' id='word_1_156' title='bbox 1617 1808 1772 1848; x_wconf 88' lang='lat' dir='ltr'>eodem</span> <span class='ocrx_word' id='word_1_157' title='bbox 1815 1807 1896 1857; x_wconf 86' lang='lat' dir='ltr'>die,</span> <span class='ocrx_word' id='word_1_158' title='bbox 1934 1814 2024 1856; x_wconf 69' lang='lat' dir='ltr'>etc„</span> 
     </span>
     <span class='ocr_line' id='line_1_19' title="bbox 300 1879 1357 1931; baseline 0.004 -13"><span class='ocrx_word' id='word_1_159' title='bbox 300 1879 546 1931; x_wconf 80' lang='lat' dir='ltr'>praedictos</span> <span class='ocrx_word' id='word_1_160' title='bbox 569 1894 647 1920; x_wconf 78' lang='lat' dir='ltr'>sex</span> <span class='ocrx_word' id='word_1_161' title='bbox 671 1880 833 1921; x_wconf 86' lang='lat' dir='ltr'>solidos</span> <span class='ocrx_word' id='word_1_162' title='bbox 857 1888 899 1921; x_wconf 90' lang='lat' dir='ltr'>et</span> <span class='ocrx_word' id='word_1_163' title='bbox 922 1888 1022 1922; x_wconf 85' lang='lat' dir='ltr'>octo</span> <span class='ocrx_word' id='word_1_164' title='bbox 1044 1882 1256 1931; x_wconf 85' lang='lat' dir='ltr'>denarios,</span> <span class='ocrx_word' id='word_1_165' title='bbox 1280 1888 1357 1922; x_wconf 82' lang='lat' dir='ltr'>etc.</span> 
     </span>
    </p>

    <p class='ocr_par' dir='ltr' id='par_1_8' title="bbox 300 1953 2028 2154">
     <span class='ocr_line' id='line_1_20' title="bbox 388 1953 2022 2009; baseline 0.002 -17"><span class='ocrx_word' id='word_1_166' title='bbox 388 1953 606 1994; x_wconf 85' lang='lat' dir='ltr'>Robertus</span> <span class='ocrx_word' id='word_1_167' title='bbox 640 1954 827 1995; x_wconf 80' lang='lat' dir='ltr'>Baxster</span> <span class='ocrx_word' id='word_1_168' title='bbox 859 1954 998 1995; x_wconf 84' lang='lat' dir='ltr'>factus</span> <span class='ocrx_word' id='word_1_169' title='bbox 1031 1962 1096 1996; x_wconf 85' lang='grc' dir='ltr'>θεῖ</span> <span class='ocrx_word' id='word_1_170' title='bbox 1130 1956 1363 2009; x_wconf 85' lang='lat' dir='ltr'>Burgensis</span> <span class='ocrx_word' id='word_1_171' title='bbox 1396 1963 1438 1997; x_wconf 86' lang='lat' dir='ltr'>et</span> <span class='ocrx_word' id='word_1_172' title='bbox 1473 1956 1642 2009; x_wconf 85' lang='lat' dir='ltr'>juratus</span> <span class='ocrx_word' id='word_1_173' title='bbox 1674 1969 1753 2008; x_wconf 89' lang='lat' dir='ltr'>pro</span> <span class='ocrx_word' id='word_1_174' title='bbox 1784 1956 1859 2009; x_wconf 86' lang='lat' dir='ltr'>vjs.</span> <span class='ocrx_word' id='word_1_175' title='bbox 1893 1956 2022 2009; x_wconf 85' lang='lat' dir='ltr'>viijd.,</span> 
     </span>
     <span class='ocr_line' id='line_1_21' title="bbox 300 2027 2028 2082; baseline 0.002 -16"><span class='ocrx_word' id='word_1_176' title='bbox 300 2033 342 2066; x_wconf 90' lang='grc' dir='ltr'>θῖ</span> <span class='ocrx_word' id='word_1_177' title='bbox 371 2027 472 2067; x_wconf 84' lang='lat' dir='ltr'>iude</span> <span class='ocrx_word' id='word_1_178' title='bbox 501 2027 633 2068; x_wconf 83' lang='lat' dir='ltr'>habet</span> <span class='ocrx_word' id='word_1_179' title='bbox 663 2029 778 2068; x_wconf 91' lang='lat' dir='ltr'>diem</span> <span class='ocrx_word' id='word_1_180' title='bbox 809 2042 946 2082; x_wconf 88' lang='lat' dir='ltr'>usque</span> <span class='ocrx_word' id='word_1_181' title='bbox 975 2028 1133 2070; x_wconf 85' lang='lat' dir='ltr'>festum</span> <span class='ocrx_word' id='word_1_182' title='bbox 1169 2030 1424 2070; x_wconf 75' lang='lat' dir='ltr'>Nativitatis</span> <span class='ocrx_word' id='word_1_183' title='bbox 1460 2030 1621 2071; x_wconf 83' lang='lat' dir='ltr'>Beatae</span> <span class='ocrx_word' id='word_1_184' title='bbox 1654 2030 1831 2079; x_wconf 85' lang='lat' dir='ltr'>Mariae,</span> <span class='ocrx_word' id='word_1_185' title='bbox 1861 2036 1905 2071; x_wconf 85' lang='lat' dir='ltr'>et</span> <span class='ocrx_word' id='word_1_186' title='bbox 1927 2029 2028 2070; x_wconf 87' lang='lat' dir='ltr'>inde</span> 
     </span>
     <span class='ocr_line' id='line_1_22' title="bbox 300 2100 1065 2154; baseline 0.004 -14"><span class='ocrx_word' id='word_1_187' title='bbox 300 2100 466 2142; x_wconf 79' lang='lat' dir='ltr'>invenit</span> <span class='ocrx_word' id='word_1_188' title='bbox 489 2101 681 2154; x_wconf 77' lang='lat' dir='ltr'>plegium</span> <span class='ocrx_word' id='word_1_189' title='bbox 709 2102 926 2143; x_wconf 84' lang='lat' dir='ltr'>Robertus</span> <span class='ocrx_word' id='word_1_190' title='bbox 951 2104 1065 2145; x_wconf 83' lang='lat' dir='ltr'>Cutt.</span> 
     </span>
    </p>

    <p class='ocr_par' dir='ltr' id='par_1_9' title="bbox 299 2175 2026 2377">
     <span class='ocr_line' id='line_1_23' title="bbox 386 2175 2025 2230; baseline 0.001 -15"><span class='ocrx_word' id='word_1_191' title='bbox 386 2175 581 2215; x_wconf 90' lang='lat' dir='ltr'>Thomas</span> <span class='ocrx_word' id='word_1_192' title='bbox 622 2176 788 2229; x_wconf 87' lang='lat' dir='ltr'>Deyne,</span> <span class='ocrx_word' id='word_1_193' title='bbox 821 2176 991 2226; x_wconf 79' lang='lat' dir='ltr'>walker,</span> <span class='ocrx_word' id='word_1_194' title='bbox 1026 2177 1165 2218; x_wconf 86' lang='lat' dir='ltr'>factus</span> <span class='ocrx_word' id='word_1_195' title='bbox 1198 2184 1263 2218; x_wconf 83' lang='lat' dir='ltr'>est</span> <span class='ocrx_word' id='word_1_196' title='bbox 1298 2177 1532 2229; x_wconf 85' lang='lat' dir='ltr'>Burgensis</span> <span class='ocrx_word' id='word_1_197' title='bbox 1565 2184 1607 2218; x_wconf 88' lang='lat' dir='ltr'>et</span> <span class='ocrx_word' id='word_1_198' title='bbox 1638 2177 1807 2230; x_wconf 83' lang='lat' dir='ltr'>juratus</span> <span class='ocrx_word' id='word_1_199' title='bbox 1839 2190 1918 2230; x_wconf 88' lang='lat' dir='ltr'>pro</span> <span class='ocrx_word' id='word_1_200' title='bbox 1950 2177 2025 2230; x_wconf 89' lang='lat' dir='ltr'>vjs.</span> 
     </span>
     <span class='ocr_line' id='line_1_24' title="bbox 299 2248 2026 2305; baseline 0.003 -19"><span class='ocrx_word' id='word_1_201' title='bbox 299 2248 424 2300; x_wconf 73' lang='lat' dir='ltr'>viijd.,</span> <span class='ocrx_word' id='word_1_202' title='bbox 448 2256 491 2289; x_wconf 82' lang='lat' dir='ltr'>et</span> <span class='ocrx_word' id='word_1_203' title='bbox 514 2249 614 2289; x_wconf 83' lang='lat' dir='ltr'>inde</span> <span class='ocrx_word' id='word_1_204' title='bbox 637 2250 768 2290; x_wconf 84' lang='lat' dir='ltr'>habet</span> <span class='ocrx_word' id='word_1_205' title='bbox 795 2251 910 2290; x_wconf 91' lang='lat' dir='ltr'>diem</span> <span class='ocrx_word' id='word_1_206' title='bbox 941 2265 1078 2304; x_wconf 86' lang='lat' dir='ltr'>usque</span> <span class='ocrx_word' id='word_1_207' title='bbox 1108 2251 1266 2292; x_wconf 84' lang='lat' dir='ltr'>festum</span> <span class='ocrx_word' id='word_1_208' title='bbox 1291 2251 1622 2305; x_wconf 83' lang='lat' dir='ltr'>Assumptionis</span> <span class='ocrx_word' id='word_1_209' title='bbox 1658 2252 1819 2292; x_wconf 88' lang='lat' dir='ltr'>Beatae</span> <span class='ocrx_word' id='word_1_210' title='bbox 1849 2251 2026 2300; x_wconf 87' lang='lat' dir='ltr'>Mariae,</span> 
     </span>
     <span class='ocr_line' id='line_1_25' title="bbox 300 2323 1271 2377; baseline 0.004 -16"><span class='ocrx_word' id='word_1_211' title='bbox 300 2329 343 2362; x_wconf 85' lang='lat' dir='ltr'>et</span> <span class='ocrx_word' id='word_1_212' title='bbox 366 2323 467 2363; x_wconf 82' lang='lat' dir='ltr'>inde</span> <span class='ocrx_word' id='word_1_213' title='bbox 490 2324 654 2364; x_wconf 72' lang='lat' dir='ltr'>invenit</span> <span class='ocrx_word' id='word_1_214' title='bbox 677 2324 869 2377; x_wconf 78' lang='lat' dir='ltr'>plegium</span> <span class='ocrx_word' id='word_1_215' title='bbox 893 2325 1139 2365; x_wconf 64' lang='lat' dir='ltr'>XVillelmus</span> <span class='ocrx_word' id='word_1_216' title='bbox 1165 2326 1271 2365; x_wconf 83' lang='lat' dir='ltr'>Fox.</span> 
     </span>
    </p>

    <p class='ocr_par' dir='ltr' id='par_1_10' title="bbox 299 2397 2028 2598">
     <span class='ocr_line' id='line_1_26' title="bbox 385 2397 2028 2452; baseline 0.002 -16"><span class='ocrx_word' id='word_1_217' title='bbox 385 2397 631 2437; x_wconf 82' lang='lat' dir='ltr'>Willelmus</span> <span class='ocrx_word' id='word_1_218' title='bbox 670 2398 806 2447; x_wconf 83' lang='lat' dir='ltr'>Bank,</span> <span class='ocrx_word' id='word_1_219' title='bbox 845 2397 1008 2448; x_wconf 82' lang='lat' dir='ltr'>fischer,</span> <span class='ocrx_word' id='word_1_220' title='bbox 1046 2398 1185 2440; x_wconf 82' lang='lat' dir='ltr'>sactus</span> <span class='ocrx_word' id='word_1_221' title='bbox 1223 2406 1288 2440; x_wconf 89' lang='grc' dir='ltr'>θεῖ</span> <span class='ocrx_word' id='word_1_222' title='bbox 1327 2399 1560 2452; x_wconf 83' lang='lat' dir='ltr'>Burgensis</span> <span class='ocrx_word' id='word_1_223' title='bbox 1597 2412 1676 2451; x_wconf 89' lang='lat' dir='ltr'>pro</span> <span class='ocrx_word' id='word_1_224' title='bbox 1709 2398 1784 2451; x_wconf 87' lang='lat' dir='ltr'>vjs.</span> <span class='ocrx_word' id='word_1_225' title='bbox 1819 2397 1947 2451; x_wconf 85' lang='lat' dir='ltr'>viijd.,</span> <span class='ocrx_word' id='word_1_226' title='bbox 1984 2404 2028 2439; x_wconf 87' lang='lat' dir='ltr'>et</span> 
     </span>
     <span class='ocr_line' id='line_1_27' title="bbox 299 2469 2027 2526; baseline 0.002 -17"><span class='ocrx_word' id='word_1_227' title='bbox 299 2469 400 2510; x_wconf 86' lang='lat' dir='ltr'>inde</span> <span class='ocrx_word' id='word_1_228' title='bbox 430 2470 562 2512; x_wconf 81' lang='lat' dir='ltr'>habet</span> <span class='ocrx_word' id='word_1_229' title='bbox 594 2471 709 2511; x_wconf 88' lang='lat' dir='ltr'>diem</span> <span class='ocrx_word' id='word_1_230' title='bbox 743 2485 880 2525; x_wconf 87' lang='lat' dir='ltr'>usque</span> <span class='ocrx_word' id='word_1_231' title='bbox 912 2472 1071 2513; x_wconf 84' lang='lat' dir='ltr'>festum</span> <span class='ocrx_word' id='word_1_232' title='bbox 1095 2473 1426 2526; x_wconf 83' lang='lat' dir='ltr'>Assumptionis</span> <span class='ocrx_word' id='word_1_233' title='bbox 1460 2473 1622 2514; x_wconf 85' lang='lat' dir='ltr'>Beatae</span> <span class='ocrx_word' id='word_1_234' title='bbox 1653 2473 1829 2521; x_wconf 86' lang='lat' dir='ltr'>Mariae,</span> <span class='ocrx_word' id='word_1_235' title='bbox 1853 2479 1895 2513; x_wconf 84' lang='lat' dir='ltr'>et</span> <span class='ocrx_word' id='word_1_236' title='bbox 1926 2472 2027 2512; x_wconf 88' lang='lat' dir='ltr'>inde</span> 
     </span>
     <span class='ocr_line' id='line_1_28' title="bbox 300 2544 1225 2598; baseline 0.003 -15"><span class='ocrx_word' id='word_1_237' title='bbox 300 2544 465 2584; x_wconf 77' lang='lat' dir='ltr'>invenit</span> <span class='ocrx_word' id='word_1_238' title='bbox 488 2545 680 2597; x_wconf 89' lang='lat' dir='ltr'>plegium</span> <span class='ocrx_word' id='word_1_239' title='bbox 703 2546 951 2598; x_wconf 73' lang='lat' dir='ltr'>johannem</span> <span class='ocrx_word' id='word_1_240' title='bbox 978 2547 1225 2588; x_wconf 80' lang='lat' dir='ltr'>Chillewell.</span> 
     </span>
    </p>

    <p class='ocr_par' dir='ltr' id='par_1_11' title="bbox 300 2618 2027 2818">
     <span class='ocr_line' id='line_1_29' title="bbox 387 2618 2025 2674; baseline 0.002 -17"><span class='ocrx_word' id='word_1_241' title='bbox 387 2618 631 2658; x_wconf 54' lang='lat' dir='ltr'>&amp;Villelmus</span> <span class='ocrx_word' id='word_1_242' title='bbox 666 2619 853 2659; x_wconf 83' lang='lat' dir='ltr'>Dekone</span> <span class='ocrx_word' id='word_1_243' title='bbox 886 2619 1024 2661; x_wconf 84' lang='lat' dir='ltr'>sactus</span> <span class='ocrx_word' id='word_1_244' title='bbox 1057 2627 1122 2661; x_wconf 91' lang='grc' dir='ltr'>θεῖ</span> <span class='ocrx_word' id='word_1_245' title='bbox 1156 2621 1390 2674; x_wconf 86' lang='lat' dir='ltr'>Burgensis</span> <span class='ocrx_word' id='word_1_246' title='bbox 1423 2627 1466 2662; x_wconf 85' lang='lat' dir='ltr'>et</span> <span class='ocrx_word' id='word_1_247' title='bbox 1494 2621 1664 2674; x_wconf 81' lang='lat' dir='ltr'>juratus</span> <span class='ocrx_word' id='word_1_248' title='bbox 1697 2633 1775 2673; x_wconf 88' lang='lat' dir='ltr'>pro</span> <span class='ocrx_word' id='word_1_249' title='bbox 1798 2619 1872 2673; x_wconf 86' lang='lat' dir='ltr'>vjs.</span> <span class='ocrx_word' id='word_1_250' title='bbox 1897 2619 2025 2673; x_wconf 89' lang='lat' dir='ltr'>viijd.,</span> 
     </span>
     <span class='ocr_line' id='line_1_30' title="bbox 300 2691 2027 2745; baseline 0.002 -15"><span class='ocrx_word' id='word_1_251' title='bbox 300 2697 342 2730; x_wconf 84' lang='lat' dir='ltr'>et</span> <span class='ocrx_word' id='word_1_252' title='bbox 364 2691 496 2732; x_wconf 84' lang='lat' dir='ltr'>habet</span> <span class='ocrx_word' id='word_1_253' title='bbox 518 2692 633 2732; x_wconf 89' lang='lat' dir='ltr'>diem</span> <span class='ocrx_word' id='word_1_254' title='bbox 657 2706 794 2745; x_wconf 84' lang='lat' dir='ltr'>usque</span> <span class='ocrx_word' id='word_1_255' title='bbox 818 2693 974 2734; x_wconf 85' lang='lat' dir='ltr'>festum</span> <span class='ocrx_word' id='word_1_256' title='bbox 1000 2694 1254 2735; x_wconf 77' lang='lat' dir='ltr'>Nativitatis</span> <span class='ocrx_word' id='word_1_257' title='bbox 1280 2695 1441 2735; x_wconf 85' lang='lat' dir='ltr'>Beatae</span> <span class='ocrx_word' id='word_1_258' title='bbox 1472 2695 1648 2744; x_wconf 84' lang='lat' dir='ltr'>Mariae,</span> <span class='ocrx_word' id='word_1_259' title='bbox 1673 2701 1715 2735; x_wconf 80' lang='lat' dir='ltr'>et</span> <span class='ocrx_word' id='word_1_260' title='bbox 1738 2694 1839 2734; x_wconf 86' lang='lat' dir='ltr'>inde</span> <span class='ocrx_word' id='word_1_261' title='bbox 1863 2693 2027 2734; x_wconf 86' lang='lat' dir='ltr'>invenit</span> 
     </span>
     <span class='ocr_line' id='line_1_31' title="bbox 300 2764 1609 2818; baseline 0.004 -14"><span class='ocrx_word' id='word_1_262' title='bbox 300 2764 467 2817; x_wconf 80' lang='lat' dir='ltr'>plegios</span> <span class='ocrx_word' id='word_1_263' title='bbox 493 2766 730 2807; x_wconf 81' lang='lat' dir='ltr'>Ricardum</span> <span class='ocrx_word' id='word_1_264' title='bbox 757 2768 919 2808; x_wconf 85' lang='lat' dir='ltr'>Plattes</span> <span class='ocrx_word' id='word_1_265' title='bbox 943 2775 985 2808; x_wconf 84' lang='lat' dir='ltr'>et</span> <span class='ocrx_word' id='word_1_266' title='bbox 1008 2768 1279 2809; x_wconf 42' lang='lat' dir='ltr'>&amp;Villelmum</span> <span class='ocrx_word' id='word_1_267' title='bbox 1305 2768 1508 2818; x_wconf 86' lang='lat' dir='ltr'>Stokkes,</span> <span class='ocrx_word' id='word_1_268' title='bbox 1533 2776 1609 2809; x_wconf 83' lang='lat' dir='ltr'>etc.</span> 
     </span>
    </p>

    <p class='ocr_par' dir='ltr' id='par_1_12' title="bbox 300 2840 2026 3040">
     <span class='ocr_line' id='line_1_32' title="bbox 389 2840 2026 2896; baseline 0.002 -18"><span class='ocrx_word' id='word_1_269' title='bbox 389 2840 600 2880; x_wconf 87' lang='lat' dir='ltr'>Ricardus</span> <span class='ocrx_word' id='word_1_270' title='bbox 630 2841 684 2881; x_wconf 93' lang='lat' dir='ltr'>de</span> <span class='ocrx_word' id='word_1_271' title='bbox 714 2841 880 2882; x_wconf 80' lang='lat' dir='ltr'>Garton</span> <span class='ocrx_word' id='word_1_272' title='bbox 908 2841 1048 2882; x_wconf 84' lang='lat' dir='ltr'>factus</span> <span class='ocrx_word' id='word_1_273' title='bbox 1077 2849 1142 2883; x_wconf 91' lang='grc' dir='ltr'>θεῖ</span> <span class='ocrx_word' id='word_1_274' title='bbox 1173 2843 1406 2895; x_wconf 86' lang='lat' dir='ltr'>Burgensis</span> <span class='ocrx_word' id='word_1_275' title='bbox 1436 2849 1478 2883; x_wconf 86' lang='lat' dir='ltr'>et</span> <span class='ocrx_word' id='word_1_276' title='bbox 1507 2842 1676 2896; x_wconf 85' lang='lat' dir='ltr'>juratus</span> <span class='ocrx_word' id='word_1_277' title='bbox 1699 2855 1777 2895; x_wconf 88' lang='lat' dir='ltr'>pro</span> <span class='ocrx_word' id='word_1_278' title='bbox 1799 2841 1873 2895; x_wconf 85' lang='lat' dir='ltr'>vjs.</span> <span class='ocrx_word' id='word_1_279' title='bbox 1898 2841 2026 2894; x_wconf 86' lang='lat' dir='ltr'>viijd.,</span> 
     </span>
     <span class='ocr_line' id='line_1_33' title="bbox 300 2911 2025 2969; baseline 0.003 -18"><span class='ocrx_word' id='word_1_280' title='bbox 300 2918 342 2952; x_wconf 82' lang='lat' dir='ltr'>et</span> <span class='ocrx_word' id='word_1_281' title='bbox 364 2911 496 2952; x_wconf 81' lang='lat' dir='ltr'>habet</span> <span class='ocrx_word' id='word_1_282' title='bbox 525 2913 640 2953; x_wconf 90' lang='lat' dir='ltr'>diem</span> <span class='ocrx_word' id='word_1_283' title='bbox 670 2927 808 2967; x_wconf 87' lang='lat' dir='ltr'>usque</span> <span class='ocrx_word' id='word_1_284' title='bbox 837 2914 996 2955; x_wconf 87' lang='lat' dir='ltr'>festum</span> <span class='ocrx_word' id='word_1_285' title='bbox 1029 2916 1179 2957; x_wconf 77' lang='lat' dir='ltr'>Sancti</span> <span class='ocrx_word' id='word_1_286' title='bbox 1211 2916 1406 2957; x_wconf 84' lang='lat' dir='ltr'>Mathaei</span> <span class='ocrx_word' id='word_1_287' title='bbox 1430 2916 1647 2969; x_wconf 78' lang='lat' dir='ltr'>Apostoli,</span> <span class='ocrx_word' id='word_1_288' title='bbox 1671 2923 1714 2956; x_wconf 89' lang='lat' dir='ltr'>et</span> <span class='ocrx_word' id='word_1_289' title='bbox 1737 2916 1838 2956; x_wconf 89' lang='lat' dir='ltr'>inde</span> <span class='ocrx_word' id='word_1_290' title='bbox 1860 2915 2025 2956; x_wconf 88' lang='lat' dir='ltr'>invenit</span> 
     </span>
     <span class='ocr_line' id='line_1_34' title="bbox 300 2986 2023 3040; baseline 0.002 -15"><span class='ocrx_word' id='word_1_291' title='bbox 300 2986 491 3038; x_wconf 86' lang='lat' dir='ltr'>plegium</span> <span class='ocrx_word' id='word_1_292' title='bbox 518 2987 753 3027; x_wconf 79' lang='lat' dir='ltr'>Ricardum</span> <span class='ocrx_word' id='word_1_293' title='bbox 780 2988 954 3037; x_wconf 82' lang='lat' dir='ltr'>Plattes,</span> <span class='ocrx_word' id='word_1_294' title='bbox 977 2995 1054 3029; x_wconf 86' lang='lat' dir='ltr'>etc.</span> <span class='ocrx_word' id='word_1_295' title='bbox 1765 3000 1884 3040; x_wconf 82' lang='lat'>3942,</span> <span class='ocrx_word' id='word_1_296' title='bbox 1908 3002 1963 3029; x_wconf 90' lang='lat' dir='ltr'>ro.</span> <span class='ocrx_word' id='word_1_297' title='bbox 1994 3000 2023 3028; x_wconf 89' lang='lat'>1.</span> 
     </span>
    </p>
   </div>
   <div class='ocr_carea' id='block_1_5' title="bbox 650 3117 1673 3245">
    <p class='ocr_par' dir='ltr' id='par_1_13' title="bbox 650 3117 1673 3245">
     <span class='ocr_line' id='line_1_35' title="bbox 650 3117 1673 3173; baseline 0.001 -14"><span class='ocrx_word' id='word_1_298' title='bbox 650 3117 1065 3160; x_wconf 62' lang='lat' dir='ltr'>CLIV—Statum</span> <span class='ocrx_word' id='word_1_299' title='bbox 1090 3119 1320 3160; x_wconf 58' lang='lat' dir='ltr'>Allerclmnt</span> <span class='ocrx_word' id='word_1_300' title='bbox 1345 3119 1673 3173; x_wconf 72' lang='lat' dir='ltr'>acknowledged.</span> 
     </span>
     <span class='ocr_line' id='line_1_36' title="bbox 1085 3195 1248 3245; baseline 0.006 -1"><span class='ocrx_word' id='word_1_301' title='bbox 1085 3195 1248 3245; x_wconf 82' lang='lat'>1395-6.</span> 
     </span>
    </p>
   </div>
   <div class='ocr_carea' id='block_1_6' title="bbox 304 3279 2026 3410">
    <p class='ocr_par' dir='ltr' id='par_1_14' title="bbox 304 3279 2026 3410">
     <span class='ocr_line' id='line_1_37' title="bbox 389 3279 2025 3337; baseline 0.004 -20"><span class='ocrx_word' id='word_1_302' title='bbox 389 3279 822 3320; x_wconf 84' lang='lat' dir='ltr'>I.—Memorandum</span> <span class='ocrx_word' id='word_1_303' title='bbox 853 3282 970 3333; x_wconf 87' lang='lat' dir='ltr'>quod</span> <span class='ocrx_word' id='word_1_304' title='bbox 1000 3282 1139 3322; x_wconf 80' lang='lat' dir='ltr'>xxixo</span> <span class='ocrx_word' id='word_1_305' title='bbox 1168 3283 1238 3323; x_wconf 85' lang='lat' dir='ltr'>die</span> <span class='ocrx_word' id='word_1_306' title='bbox 1272 3283 1554 3335; x_wconf 79' lang='lat' dir='ltr'>Septembris,</span> <span class='ocrx_word' id='word_1_307' title='bbox 1588 3297 1704 3323; x_wconf 88' lang='lat' dir='ltr'>anno</span> <span class='ocrx_word' id='word_1_308' title='bbox 1737 3284 1855 3336; x_wconf 89' lang='lat' dir='ltr'>regni</span> <span class='ocrx_word' id='word_1_309' title='bbox 1891 3284 2025 3337; x_wconf 87' lang='lat' dir='ltr'>Regis</span> 
     </span>
     <span class='ocr_line' id='line_1_38' title="bbox 304 3352 2026 3410; baseline 0.003 -18"><span class='ocrx_word' id='word_1_310' title='bbox 304 3352 478 3392; x_wconf 84' lang='lat' dir='ltr'>Ricardi</span> <span class='ocrx_word' id='word_1_311' title='bbox 532 3353 721 3394; x_wconf 82' lang='lat' dir='ltr'>Secundi</span> <span class='ocrx_word' id='word_1_312' title='bbox 774 3360 873 3407; x_wconf 86' lang='lat' dir='ltr'>post</span> <span class='ocrx_word' id='word_1_313' title='bbox 927 3356 1228 3410; x_wconf 86' lang='lat' dir='ltr'>Conquestum</span> <span class='ocrx_word' id='word_1_314' title='bbox 1281 3355 1473 3409; x_wconf 86' lang='lat' dir='ltr'>Angliae</span> <span class='ocrx_word' id='word_1_315' title='bbox 1523 3358 1740 3406; x_wconf 72' lang='lat' dir='ltr'>vicesimo,</span> <span class='ocrx_word' id='word_1_316' title='bbox 1787 3358 1921 3410; x_wconf 85' lang='lat' dir='ltr'>Hugo</span> <span class='ocrx_word' id='word_1_317' title='bbox 1971 3359 2026 3399; x_wconf 88' lang='lat' dir='ltr'>de</span> 
     </span>
    </p>
   </div>
  </div>
 </body>
</html>
