2198 3845
367 367 442 408 108
627 380 845 413 RECORDS
878 381 937 412 OF
971 381 1071 411 THE
1104 381 1338 414 BOROUGH
1372 382 1432 414 OF
1467 382 1813 415 NOTTINGHAM.
1950 370 2082 428 [1330

364 498 469 539 Dux
504 499 815 554 Aquitanniae‚
839 503 1041 544 omnibus
1077 504 1130 544 ad
1167 518 1276 556 quos
1311 512 1560 557 praesentes
1595 505 1764 546 litterae
1797 503 2081 558 pervenerint,

361 571 556 613 salutem.
627 575 784 616 Sciatis
817 577 934 629 quod
970 591 1067 617 cum
1106 591 1182 630 per
1213 585 1377 618 cartam
1411 579 1590 619 celebris
1628 580 1863 620 memoriae
1902 577 2082 618 Domini

363 645 579 696 Edwardi,
616 662 752 702 nuper
788 650 920 703 Regis
956 650 1157 704 Angliae‚
1193 652 1259 691 avi
1304 654 1450 702 nostri,
1486 667 1740 694 concessum
1775 653 1940 693 existat
1978 652 2082 691 Bur-

360 721 565 774 gensibus
600 723 725 763 villae
767 731 940 765 nostrae
977 725 1262 778 Notingham'
1296 727 1413 780 quod
1450 727 1580 768 iidem
1618 728 1872 780 Burge1iseS‚
1902 724 2082 779 singulis

360 795 494 844 annis,
519 796 559 835 in
584 795 695 836 sesto
720 797 869 839 Sancti
895 798 1134 848 Michaelis,
1154 799 1318 853 eligant
1341 814 1475 841 unum
1501 802 1716 855 Majorem
1736 802 1789 842 de
1813 815 1858 841 se
1881 800 1994 853 ipsis,
2019 803 2083 840 ‘ut

359 870 518 922 praesit
550 870 725 910 Ballivis
754 878 796 911 et
827 871 919 912 aliis
943 873 996 912 de
1026 874 1178 913 eadem
1208 874 1308 914 villa
1339 875 1379 914 in
1410 875 1613 916 omnibus
1637 889 1749 928 quae
1779 874 1998 928 pertinent
2027 874 2081 914 ad

359 944 582 997 utriusque
624 944 747 997 burgi
790 945 916 986 villae
960 946 1071 987 illius
1114 948 1305 1000 regimen
1349 956 1391 989 et
1429 949 1648 1001 juvamen,
1687 956 1729 989 et
1765 948 1883 1001 quod
1921 948 2081 996 statim,

357 1018 510 1058 eadem
535 1017 746 1058 electione
770 1018 894 1068 facta,
919 1020 1083 1073 eligant
1107 1035 1240 1062 unum
1268 1023 1482 1063 Ballivum
1507 1023 1561 1063 de
1591 1036 1678 1063 uno
1707 1023 1846 1075 burgo
1875 1028 1918 1063 et
1948 1021 2080 1062 alium

357 1092 411 1132 de
460 1092 544 1132 alio
592 1092 741 1145 burgo,
788 1107 866 1146 pro
914 1094 1166 1136 diversitate
1215 1097 1580 1137 consuetudinum
1632 1097 1672 1136 in
1720 1097 1883 1136 eisdem
1933 1095 2080 1149 burgis

357 1166 617 1215 habitarum,
653 1167 724 1219 qui
769 1181 819 1207 ea
855 1181 967 1221 quae
1004 1171 1222 1222 pertinent
1260 1172 1314 1211 ad
1358 1170 1548 1211 officium
1588 1184 1714 1211 suum
1757 1170 2078 1223 exequantur,'1

356 1247 399 1281 et
442 1240 623 1293 praefati
660 1242 904 1295 Bul-genses
947 1244 1071 1284 nobis
1114 1245 1453 1298 supplicaverint
1490 1246 1619 1299 quod,
1657 1259 1754 1285 cum
1793 1245 1873 1298 ipsi
1912 1245 1952 1284 in
1992 1258 2079 1284 uno

356 1315 592 1368 burgorum
628 1317 961 1369 praedictorum,
996 1326 1174 1372 propter
1211 1327 1514 1372 paupertatem
1553 1326 1596 1360 et
1631 1318 1982 1359 insufficientiam
2018 1318 2080 1358 in-

356 1389 648 1430 habitantium
685 1391 726 1430 in
761 1392 928 1441 eodem,
959 1392 1167 1433 ballivum
1203 1393 1490 1435 sufficientem
1525 1395 1578 1434 ad
1612 1393 1802 1434 officium
1837 1392 1942 1432 illud
1977 1405 2079 1432 exe-

356 1464 579 1516 quendum
630 1465 683 1504 ad
728 1479 932 1518 praesens
982 1475 1201 1520 nequeant
1246 1468 1446 1517 invenire,
1499 1468 1682 1508 velimus
1731 1468 1791 1508 eis
1840 1467 2078 1507 concedere

356 1539 473 1591 quod
498 1538 577 1591 ipsi
608 1539 649 1578 in
680 1540 833 1580 eadem
858 1541 969 1590 villa,
994 1541 1033 1581 in
1060 1542 1163 1582 locis
1194 1542 1265 1583 ubi
1298 1543 1450 1583 melius
1479 1543 1666 1583 viderint
1696 1542 1914 1595 expedire,
1938 1541 2077 1581 dictos

356 1612 466 1653 duos
499 1613 681 1653 ballivos
715 1614 872 1667 eligere
902 1616 1096 1668 possint:
1131 1617 1234 1665 Nos,
1265 1631 1413 1658 eorum
1444 1617 1751 1671 supplicationi
1785 1615 2078 1656 favorabiliter

356 1695 598 1728 annuentes
623 1689 662 1728 in
688 1689 768 1729 hac
792 1697 924 1742 parte,
949 1691 1241 1731 concessimus
1266 1692 1325 1731 eis
1349 1693 1465 1744 quod
1496 1692 1587 1745 ipsi,
1611 1698 1710 1745 post
1740 1690 1997 1731 electionem
2021 1689 2076 1730 de

355 1762 510 1802 eodem
556 1763 735 1815 Majore,
779 1771 825 1804 ut
874 1765 1177 1816 praemittitur,
1221 1764 1393 1814 factam,
1436 1766 1576 1806 dictos
1625 1766 1735 1805 duos
1786 1764 1975 1804 Ballivos
2023 1764 2078 1803 de

356 1836 604 1876 melioribus
635 1843 676 1877 et
708 1837 846 1890 magis
875 1837 1189 1879 sufficientibus
1219 1839 1415 1892 ejusdem
1446 1839 1583 1889 villae,
1615 1839 1654 1879 in
1687 1838 1791 1879 locis
1821 1838 1892 1878 ubi
1925 1837 2077 1878 melius

355 1910 541 1950 viderint
565 1911 784 1964 expedire,
803 1911 875 1964 qui
899 1926 950 1952 ea
972 1926 1084 1965 quae
1107 1913 1160 1953 ad
1185 1912 1375 1954 officium
1400 1927 1524 1954 suum
1550 1913 1768 1967 pertinent
1791 1918 2078 1965 exequantur,

354 1983 512 2037 eligere
540 1984 725 2034 valeant,
749 1986 875 2026 dictis
905 1986 1045 2026 verbis
1076 1987 1116 2027 in
1148 1988 1371 2040 praedicta
1400 1995 1519 2028 carta
1548 1988 1682 2041 ipsius
1715 1987 1781 2027 avi
1812 1986 1945 2027 nostri
1976 2000 2076 2026 con-

353 2059 484 2099 tentis
508 2072 593 2099 non
618 2060 905 2101 obstantibus.
972 2062 1021 2101 In
1046 2061 1168 2115 cujus
1191 2062 1249 2102 rei
1279 2062 1579 2103 testimonium
1604 2062 1681 2102 has
1711 2061 1876 2102 litteras
1906 2066 2075 2101 nostras

354 2131 441 2173 fieri
467 2132 646 2174 fecimus
677 2141 888 2187 patentes,
913 2136 1123 2188 quamdiu
1154 2136 1279 2177 nobis
1309 2137 1519 2190 placuerit
1542 2138 1780 2178 duraturas.
1843 2136 1976 2176 Teste
2006 2148 2074 2175 me

352 2207 446 2260 ipso
470 2209 585 2261 apud
610 2209 869 2259 XVodestok,
893 2210 1035 2263 primo
1058 2210 1128 2251 die
1152 2211 1269 2260 Maii,
1295 2225 1410 2252 anno
1434 2211 1552 2265 regni
1576 2211 1710 2252 nostri
1735 2216 1900 2264 quarto.

1288 2286 1368 2326 Per
1391 2286 1533 2338 ipsum
1559 2285 1727 2338 Regem
1751 2290 1793 2325 et
1817 2282 2070 2326 Concilium.

1947 2367 2068 2409 4312.

409 2620 936 2672 LV1.—Agreemcntf0r
954 2621 1139 2674 landing
1149 2622 1280 2674 goods
1301 2628 1348 2661 al
1372 2622 1552 2663 Colwz'ck
1574 2622 1617 2661 in
1641 2622 1738 2661 time
1758 2622 1811 2673 of
1821 2620 2011 2673 drouglzt.

1036 2721 1154 2761 1330,
1177 2711 1290 2763 June
1315 2722 1375 2761 29.

435 2802 537 2843 Cest
561 2801 800 2842 endenture
824 2801 901 2842 fait
924 2809 1045 2843 entre
1068 2802 1106 2842 le
1130 2802 1242 2843 Meir
1264 2810 1306 2843 et
1329 2802 1369 2843 la
1392 2803 1687 2845 Comminalte
1705 2803 1759 2842 de
1783 2802 2066 2855 Notingham,

345 2874 399 2914 de
422 2888 505 2914 une
529 2882 636 2928 part,
660 2882 702 2916 et
726 2876 919 2916 William
943 2877 998 2916 de
1023 2876 1242 2929 Colewyk,
1267 2876 1465 2926 chivaler,
1489 2877 1643 2917 dautre
1672 2883 1779 2930 part,
1803 2875 2066 2928 testmoigne

345 2961 398 3000 qe
434 2962 558 2988 come
580 2949 713 2990 debat
735 2956 779 2990 et
802 2951 961 2991 contek
984 2951 1110 2991 esteit
1140 2964 1213 2990 mu
1243 2957 1364 2991 entre
1394 2950 1454 2991 les
1484 2951 1705 2991 avantdits
1730 2950 1841 2991 Meir
1863 2956 1905 2990 et
1936 2950 2064 2991 Com-

346 3021 525 3062 minalte
547 3029 590 3063 et
613 3023 652 3063 le
674 3023 738 3064 dit
769 3024 863 3066 Sire
894 3024 1100 3074 William,
1124 3038 1205 3078 pur
1233 3038 1310 3065 ceo
1333 3038 1386 3078 qe
1415 3031 1574 3078 graunt
1596 3025 1734 3078 partie
1756 3024 1825 3065 del
1849 3037 1972 3064 cours
1995 3022 2063 3063 del

347 3095 450 3135 Ewe
478 3096 532 3135 de
563 3096 726 3137 Trente
755 3096 857 3138 fuist
889 3104 1043 3138 tourne
1073 3111 1125 3138 en
1156 3112 1213 3138 un
1246 3112 1370 3139 cours
1399 3099 1453 3139 de
1485 3112 1574 3139 exve
1603 3113 1657 3152 qe
1689 3113 1765 3151 sey
1793 3104 1936 3139 estent
1963 3097 2063 3137 hors

343 3169 412 3209 del
455 3169 567 3210 dreit
611 3184 736 3211 cours
770 3171 839 3212 del
885 3172 988 3212 Ewe
1025 3172 1080 3212 de
1116 3172 1279 3213 Trente
1320 3179 1473 3226 tantqe
1510 3186 1563 3213 au
1603 3173 1752 3226 molyn
1791 3173 1830 3213 le
1866 3172 1930 3213 dit
1968 3171 2062 3213 Sire

344 3243 536 3284 william
561 3244 614 3285 de
645 3244 864 3298 Colewyk‚
888 3252 930 3286 et
960 3259 1013 3287 au
1044 3252 1207 3286 travers
1230 3246 1284 3287 de
1307 3246 1405 3300 quel
1436 3259 1559 3287 cours
1590 3246 1628 3286 le
1651 3246 1714 3287 dit
1745 3246 1838 3288 Sire
1867 3244 2060 3285 william

826 3338 832 3351 ¹
861 3334 910 3366 Cf.
934 3335 1071 3367 Charter
1090 3335 1125 3366 of
1140 3335 1281 3366 Edward
1301 3336 1341 3373 1.,
1364 3336 1426 3367 No.
1449 3335 1575 3367 XXVI.
