2198 3845
313 411 362 441 10
573 411 791 443 RECORDs
824 412 883 443 OF
917 412 1017 443 THE
1050 412 1285 445 BOROUGH
1319 413 1379 445 OF
1413 412 1760 446 NOTTINGHAM.
1897 402 2029 459 [1200

305 532 360 572 de
397 532 495 581 Ver,
536 532 727 573 Radulfo
766 534 959 581 Murdac,
999 533 1196 575 Galfrido
1233 535 1287 575 de
1327 535 1439 587 Jorz,
1479 535 1694 577 Samsone
1735 536 1789 576 de
1832 535 2029 585 Stretlee,

308 605 490 647 Simone
527 605 615 646 filio
652 607 838 656 Ricardi‚
876 607 1071 649 Roberto
1108 609 1162 649 de
1201 609 1423 658 Fornellis,
1460 609 1683 649 Willelmo
1719 610 1774 649 de
1807 609 2029 659 Furnellis,

306 679 529 720 &Villelmo
570 679 625 720 de
668 681 922 729 Craumunt,
968 682 1143 734 Rogero
1184 682 1239 722 de
1288 682 1522 735 Karkeny,’
1571 682 1768 724 Galfrido
1817 683 2030 732 Luterell,‘

307 752 522 806 Magistro
547 754 794 803 Benedicto,
820 754 1000 796 Serlone
1022 755 1187 805 clerico,
1211 763 1253 798 et
1276 756 1423 797 multis
1446 757 1549 797 aliis.
1906 766 2028 808 4152.

449 926 750 969 V.——Clmrler
769 927 822 979 of
839 927 966 980 [sing
974 928 1102 982 sollu,
1125 929 1384 983 confirming
1393 936 1552 983 granis
1574 930 1696 970 made
1717 929 1766 982 by
1786 929 1876 970 lcim

878 1001 1025 1041 wllz'lsl
1044 1002 1162 1043 Earl
1177 1003 1232 1055 of
1242 1003 1451 1043 Allorlal'n.

979 1103 1094 1141 12oo,
1120 1093 1273 1133 March
1303 1105 1359 1144 19.

392 1197 697 1249 1JOIIANNES,
724 1197 805 1238 Dei
834 1198 985 1240 Gratia
1014 1199 1113 1240 Rex
1141 1199 1342 1253 Angfiae,
1372 1199 1589 1240 Dominus
1626 1200 1890 1253 Hyberniae.
1922 1201 2026 1241 Dux

306 1270 615 1320 Normanniae‚
640 1271 950 1325 Aquitanniae,
973 1280 1015 1314 et
1040 1275 1199 1315 Comes
1224 1274 1522 1327 Andegaviao
1547 1274 1893 1328 archiepiscopis,
1917 1275 2028 1328 epis-

303 1344 435 1397 copis,
469 1345 711 1394 abbatibus,
750 1347 993 1397 comitibus,
1031 1348 1278 1397 baronibus,
1313 1347 1566 1401 justitiariis,
1610 1348 1948 1398 vicecomitibus,
1986 1355 2029 1390 et

303 1419 507 1459 omnibus
545 1419 714 1460 ballivis
752 1427 795 1462 et
833 1420 1031 1462 fidelibus
1069 1422 1156 1462 suis
1194 1422 1327 1463 totius
1364 1421 1566 1475 Angliae,
1604 1422 1800 1462 salutem.
1871 1422 2028 1464 Sciatis

305 1505 382 1532 nos
420 1493 695 1544 concessisse,
733 1501 775 1536 et
812 1496 1029 1549 praesenti
1067 1503 1186 1537 carta
1223 1502 1372 1536 nostra
1408 1494 1699 1545 confirmasse,
1733 1496 2028 1549 Burgensibus

304 1567 461 1607 nostris
513 1569 568 1608 de
620 1569 919 1623 Notingeham
973 1584 1125 1611 omnes
1178 1570 1272 1610 illas
1324 1570 1480 1611 liberas
1533 1570 1871 1611 consuetudines
1920 1584 2028 1623 quas

303 1640 549 1683 habuerunt
581 1649 778 1696 tempore
814 1644 991 1684 Henrici
1028 1644 1160 1698 Regis
1193 1645 1341 1698 proavi
1373 1644 1518 1694 nostri,
1549 1651 1591 1685 et
1620 1651 1817 1698 tempore
1849 1644 2027 1684 Henrici

306 1715 439 1768 Regis
490 1716 625 1769 patris
677 1717 823 1765 nostri,
875 1718 985 1759 sicut
1041 1725 1159 1759 carta
1215 1718 1410 1772 ejusdem
1471 1719 1649 1759 Henrici
1704 1719 1839 1772 patris
1891 1720 2026 1760 nostri

302 1794 513 1839 testatur;
558 1790 731 1840 scilicet,
770 1791 883 1832 Thol
922 1798 965 1833 et
1003 1792 1184 1842 Theam,
1224 1800 1266 1833 et
1306 1792 1681 1845 Infangenetheof,
1720 1800 1763 1834 et
1800 1793 2029 1834 Tholonea

303 1876 329 1902 a
361 1862 729 1905 Thurmodeston’
759 1878 896 1918 usque
930 1866 984 1907 ad
1020 1866 1218 1916 Nixverk',
1251 1873 1293 1907 et
1326 1867 1380 1907 de
1412 1866 1615 1907 omnibus
1645 1867 1855 1908 Trentam
1889 1874 2026 1908 trans-

302 1937 516 1987 euntibus,
550 1939 609 1979 ita
646 1938 838 1992 plenarie
869 1946 916 1981 ut
953 1939 994 1980 in
1028 1940 1167 1994 burgo
1198 1940 1253 1981 de
1286 1940 1590 1994 Notingham;
1623 1947 1665 1981 et
1697 1954 1754 1982 ex
1788 1941 1872 1982 alia
1904 1948 2027 1995 parte

302 2025 327 2051 a
359 2011 501 2052 duitto
534 2012 646 2053 ultra
681 2014 963 2067 Rempeston'
1001 2028 1138 2068 usque
1175 2015 1229 2055 ad
1265 2028 1423 2068 aquam
1457 2015 1512 2055 de
1546 2015 1768 2056 Radeford
1804 2016 1845 2056 in
1880 2016 2026 2065 Nord’,

301 2092 344 2126 et
373 2086 428 2126 cle
458 2086 722 2127 Bikeresdik.
791 2088 1006 2128 Homines
1036 2089 1167 2129 etiam
1192 2089 1246 2129 de
1277 2088 1622 2141 Notinghamsir‘
1646 2095 1688 2130 et
1711 2089 1765 2130 de
1796 2089 2026 2130 Derebisir'

302 2160 447 2200 venire
484 2161 647 2202 debent
684 2162 738 2202 ad
778 2162 962 2215 burgum
1002 2163 1056 2203 de
1100 2163 1373 2215 Notingham
1412 2163 1482 2203 die
1524 2163 1707 2204 Veneris
1745 2171 1787 2204 et
1831 2164 2026 2213 Sabbati,

301 2247 400 2274 cum
439 2235 661 2289 quadrigis
699 2242 741 2277 et
778 2237 1034 2290 summagiis
1072 2237 1187 2287 suis;
1231 2250 1309 2277 nec
1352 2237 1507 2290 aliquis
1545 2237 1655 2278 infra
1691 2238 1843 2278 decem
1881 2238 2026 2278 leucas

302 2307 344 2347 in
388 2308 566 2350 circuitu
609 2310 664 2350 de
707 2310 980 2364 Notingham
1032 2311 1191 2352 tinctos
1240 2324 1410 2364 pannos
1458 2311 1625 2364 operari
1672 2311 1814 2361 debet,
1861 2311 1941 2352 nisi
1984 2311 2025 2352 in

301 2381 440 2435 burgo
475 2383 529 2423 de
566 2383 850 2437 Notingham.
928 2385 985 2426 Et
1022 2385 1055 2425 si
1094 2385 1260 2438 aliquis,
1296 2385 1588 2438 undecunque
1622 2385 1687 2434 sit,
1723 2385 1763 2425 in
1799 2386 1938 2439 burgo
1972 2386 2027 2427 de

304 2456 576 2510 Notingham
617 2459 824 2500 manserit
851 2473 937 2500 uno
967 2473 1084 2500 anno
1113 2466 1156 2500 et
1185 2459 1254 2500 die
1284 2472 1382 2507 uno,
1412 2465 1610 2512 tempore
1639 2460 1757 2513 pacis
1790 2467 1833 2501 et
1862 2460 2027 2514 absque

302 2530 561 2584 calumpnia,
587 2532 729 2572 nullus
754 2539 908 2585 postea
931 2533 1011 2574 nisi
1038 2534 1137 2574 Rex
1162 2533 1202 2573 in
1227 2547 1326 2573 eum
1346 2532 1416 2586 jus
1439 2533 1627 2574 habebit.
1683 2534 1741 2575 Et
1763 2534 2027 2588 quicumque

302 2603 583 2657 burgensium
627 2613 785 2647 terram
830 2608 958 2647 vicini
997 2608 1061 2648 sui
1100 2608 1263 2656 emerit,
1299 2615 1341 2649 et
1375 2608 1618 2661 possederit
1655 2622 1732 2661 per
1767 2622 1930 2649 annum
1964 2609 2025 2648 in-

302 2684 472 2731 tegrum
504 2686 547 2719 et
576 2680 692 2720 diem
725 2694 873 2730 unum,
905 2682 1070 2734 absque
1103 2681 1354 2735 calumpnia
1385 2688 1615 2735 parentum
1646 2683 1885 2732 vendentis,
1915 2683 1949 2723 si
1983 2683 2024 2723 in

303 2751 469 2805 Anglia
510 2752 678 2802 fuerint,
723 2762 878 2807 postea
920 2769 1016 2796 eam
1061 2740 1207 2809 quiete
1249 2756 1499 2809 possidebit.
1578 2756 1734 2809 Neque
1776 2757 2026 2810 praeposito

303 2824 427 2878 burgi
451 2826 505 2866 de
529 2827 803 2879 Notingham
834 2828 1023 2881 aliquem
1054 2829 1335 2883 burgensium
1363 2829 1677 2882 calumpnianti
1701 2832 2025 2884 respondeatur,

303 2899 383 2938 nisi
407 2899 515 2939 alius
540 2899 667 2940 fuerit
690 2908 916 2942 accusator
939 2902 980 2942 in
1005 2917 1145 2943 causa.
1210 2904 1268 2944 Et
1291 2903 1539 2957 quicunque
1567 2903 1608 2943 in
1639 2904 1778 2957 burgo
1807 2905 2024 2953 manserit,

303 2972 599 3026 cujuscunque
622 2972 737 3014 feodi
765 2974 831 3024 sit,
855 2976 1036 3016 reddere
1060 2977 1191 3018 debet
1218 2977 1346 3017 simul
1373 2991 1471 3017 cum
1502 2977 1790 3030 burgensibus
1820 2978 2024 3032 taillagia,

303 3052 346 3086 et
369 3045 564 3087 defectus
591 3047 717 3100 burgi
746 3049 995 3102 adimplere.
1061 3050 1228 3092 Omnes
1255 3051 1387 3091 etiarn
1411 3051 1483 3104 qui
1511 3052 1565 3091 ad
1589 3050 1728 3091 forum
1755 3053 1810 3092 de
1837 3053 2024 3105 Noting-

302 3119 405 3159 ham
438 3120 635 3160 venerint
668 3134 693 3160 a
724 3135 903 3174 vespere
936 3122 1059 3176 die[i]
1094 3124 1278 3164 Veneris
1311 3138 1448 3177 usque
1480 3125 1535 3165 ad
1567 3138 1793 3178 vesperam
1829 3125 2023 3176 sabbati,

304 3205 390 3233 non
429 3194 686 3244 namientur‚
725 3195 805 3235 nisi
841 3210 920 3249 pro
957 3195 1081 3237 firma
1115 3204 1272 3238 nostra.
1337 3198 1396 3238 Et
1430 3197 1510 3238 iter
1543 3199 1598 3238 (16
1634 3199 1797 3239 Trente
1840 3199 2022 3239 liberum

370 3301 377 3314 ¹
402 3298 483 3329 This
502 3298 630 3330 eharter
650 3299 709 3330 has
729 3299 812 3331 been
835 3299 963 3341 printed
986 3300 1018 3332 in
1041 3301 1095 3333 the
1232 3302 1349 3334 thence
1367 3302 1398 3334 in
1417 3302 1550 3335 Stubbs'
1567 3303 1664 3334 Sclccl
1682 3304 1847 3342 (Μανίας,
1867 3313 1897 3346 p.
1920 3305 1990 3345 308.

305 3351 442 3383 Charter
470 3353 561 3384 Rolls
589 3352 625 3383 of
647 3353 746 3393 John,
777 3364 807 3394 p.
839 3362 890 3393 39,
920 3355 983 3386 and
1014 3355 1093 3386 from
