2198 3845
309 425 391 466 274
567 426 787 457 RECORDS
819 427 880 458 OF
912 427 1011 457 THE
1045 426 1280 458 BOROUGH
1313 425 1374 457 OF
1408 423 1756 455 NOTTINGHAM.
1901 412 2026 469 1395]

395 548 520 596 Item,
543 548 694 589 dicunt
716 549 831 601 quod
866 549 1062 589 Thomas
1085 548 1139 588 de
1173 547 1374 588 Bothalle
1405 559 1577 599 semper
1605 551 1791 598 occupat
1819 551 1863 585 et
1890 544 2030 598 jactat

309 620 459 661 fimum
502 635 731 674 porcorum
776 623 817 661 in
856 621 944 662 alta
981 622 1050 662 via
1086 635 1198 674 quae
1235 619 1508 672 mundat[ur]
1547 633 1572 659 a
1608 619 1647 659 16
1686 619 1936 671 Swynbote,
1974 620 2029 659 ad

308 707 517 747 magnum
542 702 854 736 nocumentum
878 695 1039 748 populi,
1063 702 1140 735 etc.

396 768 520 816 Item,
544 769 695 809 dicunt
717 769 834 821 quod
860 769 1048 809 Isabella
1069 769 1123 808 de
1147 767 1454 822 wachenour
1476 767 1610 807 cariat
1632 772 1674 807 et
1700 766 1837 819 jactat
1860 780 2032 819 semper

306 840 455 880 fimum
490 855 614 881 suum
654 843 694 881 in
730 843 951 882 communi
989 842 1153 882 fossato
1190 848 1316 881 extra
1353 840 1390 880 le
1430 840 1762 889 Coulanebarre,
1801 840 1855 880 ad
1898 854 2031 893 grave

309 923 620 955 nocumentum
644 916 771 956 villae
794 917 1052 968 praedictae,
1077 923 1154 956 etc.

393 990 516 1037 Item,
549 989 699 1030 dicunt
733 990 849 1042 quod
887 989 1111 1042 Johannes
1147 988 1407 1040 Strenncley
1440 987 1575 1027 cariat
1609 994 1652 1027 et
1686 986 1824 1039 jactat
1859 1000 2031 1040 semper

305 1061 455 1102 fimum
479 1076 604 1102 suum
629 1063 670 1102 in
694 1064 915 1103 communi
940 1063 1103 1104 fossato
1126 1070 1253 1103 extra
1283 1062 1322 1102 le
1346 1061 1632 1109 Coulanbare,
1657 1062 1710 1101 ad
1743 1074 1874 1113 grave
1897 1075 2029 1102 nocu-

308 1142 504 1176 mentum
528 1136 655 1176 villae
677 1137 936 1189 praedictae,
959 1143 1037 1177 etc.

391 1210 514 1258 Item,
538 1211 688 1250 dicunt
711 1211 828 1263 quod
853 1211 1099 1251 willelmus
1125 1210 1378 1263 Caythorpe
1400 1217 1442 1250 et
1466 1209 1662 1250 Thomas
1685 1210 1739 1250 de
1764 1208 2028 1249 Beddefford

298 1283 467 1335 jactant
486 1283 635 1323 fimum
661 1284 701 1323 in
729 1284 841 1324 Foro
866 1284 1047 1326 Sabbati
1068 1284 1108 1323 in
1128 1284 1320 1336 quodam
1339 1283 1568 1335 curtilagio
1586 1283 1797 1336 praedicti
1817 1282 2027 1323 willelmi

301 1358 354 1396 de
377 1357 654 1410 Thrumpton
676 1358 806 1410 juxta
836 1358 874 1398 le
899 1358 1127 1411 Drapouri,
1152 1358 1205 1398 ad
1236 1371 1367 1410 grave
1390 1358 1632 1410 dampnum
1664 1356 1873 1397 willelmi
1905 1370 2029 1410 prae-

305 1431 419 1479 dicti,
444 1438 520 1471 etc.

392 1505 515 1553 Item,
539 1506 689 1546 dicunt
712 1506 829 1558 quod
856 1505 1074 1546 Robertus
1097 1506 1151 1546 (16
1176 1505 1486 1554 Chastcrefeld,
1514 1505 1732 1545 Robertus
1755 1505 1809 1545 de
1840 1504 2027 1553 Selston,

306 1577 517 1618 Ricardus
553 1579 703 1627 Listcr,
737 1579 933 1619 Thomas
968 1578 1211 1629 Bcdefford,
1240 1580 1465 1633 Johannes
1503 1580 1686 1632 Remay,
1718 1579 1942 1632 Johannes
1975 1579 2030 1620 de

301 1652 482 1701 Meston,
509 1652 726 1692 Robertus
752 1653 892 1693 Luvet
916 1653 1033 1693 lister
1052 1653 1184 1706 juxta
1205 1654 1454 1706 Johannem
1482 1653 1785 1706 Lugthburgh‚
1809 1659 1851 1693 et
1874 1666 2027 1693 omnes

301 1726 370 1765 alii
400 1727 606 1766 tinctores
636 1726 843 1767 obturant
865 1727 980 1767 viam
1015 1728 1177 1780 regiam
1209 1741 1307 1767 cum
1341 1740 1490 1767 eorum
1514 1733 1713 1779 ῥηθῇ-εις,
1738 1733 1780 1766 et
1809 1725 2028 1767 suffocant

301 1813 399 1840 cum
435 1800 570 1840 fetore
605 1814 883 1841 communem
918 1802 1130 1854 populum
1166 1802 1220 1842 de
1259 1802 1439 1842 residuis
1478 1814 1689 1854 aquarum
1727 1814 1903 1841 suarum
1940 1801 2030 1841 stil-

301 1872 484 1914 lantium
508 1881 550 1914 et
573 1875 830 1927 ponentium
855 1875 896 1914 in
919 1875 1034 1915 viam
1059 1875 1233 1927 regiam,
1257 1882 1335 1916 etc.

390 1948 513 1995 Item,
544 1948 693 1988 dicunt
728 1949 845 2000 quod
880 1948 1059 2001 quidam
1098 1949 1311 1989 Ricardus
1347 1950 1539 1998 Masson,
1571 1949 1696 2002 leyen
1727 1949 1800 2002 qui
1836 1956 2031 1990 moratur

303 2021 343 2060 in
388 2021 426 2061 16
469 2021 744 2074 Berkcrgate,
782 2022 896 2074 cepit
934 2022 1093 2075 injuste
1134 2024 1188 2063 de
1229 2023 1431 2076 Johanne
1475 2023 1618 2075 Blyth,
1658 2022 1913 2072 fleschewer,
1952 2037 2030 2076 pro

302 2095 556 2147 operatione
597 2095 781 2135 duorum
820 2096 987 2135 dierum
1027 2097 1081 2136 3(1
1124 2103 1260 2137 artem
1304 2097 1454 2137 latami
1499 2097 1615 2150 xijd„
1655 2104 1807 2138 contra
1848 2098 2028 2138 assisam

307 2167 485 2208 Domini
512 2169 655 2221 Regis,
680 2176 757 2209 etc.

391 2242 515 2291 Item,
558 2243 708 2283 dicunt
750 2244 867 2296 quod
917 2257 1070 2284 omnes
1119 2245 1389 2298 carpentarii,
1433 2259 1585 2286 omncs
1637 2252 1834 2295 tectores,
1877 2259 2029 2287 omnes

302 2315 464 2364 latomi,
495 2323 537 2356 et
567 2330 718 2357 omnes
752 2317 951 2357 laborarii
984 2318 1162 2371 capiunt
1195 2319 1323 2359 nimis
1356 2320 1580 2360 excessive
1612 2334 1690 2373 pro
1721 2327 1812 2361 arte
1844 2334 1922 2361 sua
1953 2334 2031 2374 per

303 2390 430 2439 diem,
455 2397 606 2431 contra
628 2397 842 2431 statutum
868 2392 1049 2432 Domini
1075 2393 1220 2445 Regis,
1244 2400 1321 2434 etc.

389 2465 512 2513 Item,
550 2465 701 2505 dicunt
738 2465 856 2517 quod
896 2466 1173 2506 Matthaeus1
1212 2467 1401 2517 Tailour,
1439 2469 1512 2521 qui
1555 2475 1674 2509 tenet
1711 2469 1765 2508 de
1805 2468 2030 2509 &Villelmo

306 2537 466 2590 Dynet,
500 2537 600 2578 fecit
634 2552 768 2578 unum
801 2538 1013 2580 fossatum
1047 2541 1101 2580 de
1138 2542 1359 2581 communi
1398 2543 1507 2582 solio
1543 2556 1619 2595 per
1656 2542 1790 2583 altam
1822 2543 1938 2583 viam
1971 2556 2028 2583 ex

305 2618 428 2663 parte
465 2612 662 2652 orientali
700 2612 832 2665 juxta
865 2612 1115 2667 fossat[um]
1154 2624 1419 2664 commune‚2
1453 2617 1507 2656 ad
1544 2630 1676 2669 grave
1712 2616 2026 2669 praejudicium

302 2684 431 2724 villae
454 2686 702 2737 praedictae
724 2692 766 2726 et
789 2686 922 2726 totius
946 2687 1095 2740 populi
1119 2688 1280 2728 ibidem
1304 2690 1549 2739 transentis,
1573 2697 1650 2730 ete.

389 2759 512 2807 Item,
531 2759 680 2799 dicunt
697 2760 815 2812 quod
835 2760 1073 2800 Nichoiaus
1094 2762 1339 2803 Fossebrok
1358 2770 1400 2804 et
1418 2764 1637 2804 Walterus
1658 2764 1819 2818 Stacy3
1841 2771 2027 2818 occupat

302 2832 515 2883 Magnum
547 2833 796 2882 Mariscum,
820 2839 862 2874 et
891 2834 1068 2875 obturat
1097 2849 1232 2876 unum
1256 2836 1467 2878 fossatum
1499 2838 1660 2878 ibidem
1685 2852 1783 2879 cum
1808 2839 2027 2889 meremio,

302 2906 356 2945 ad
379 2919 511 2958 grave
533 2913 845 2947 nocumentum
869 2908 997 2948 villae
1019 2909 1278 2962 praedictae,
1302 2916 1379 2950 etc.

388 2979 511 3027 Item,
529 2979 680 3019 dicunt
697 2981 814 3032 quod
839 2981 1078 3022 Nicholaus
1099 2984 1355 3033 Fossebrok,
1376 2984 1615 3025 Nicholaus
1638 2986 1851 3035 W'ebster,
1873 2987 2024 3027 Petrus

302 3051 491 3102 Sadeler,
514 3059 557 3093 et
585 3067 737 3093 omnes
766 3061 964 3095 tenentes
994 3056 1202 3096 willelmi
1233 3058 1286 3097 de
1323 3058 1545 3098 Bradebiri
1580 3060 1746 3100 cariant
1780 3067 1823 3100 et
1853 3060 2024 3112 jactant

302 3124 451 3165 fimum
482 3126 535 3165 ad
566 3125 605 3165 16
638 3127 765 3166 Frere
797 3128 1079 3182 W'atergang,
1109 3144 1185 3182 per
1216 3132 1333 3183 quod
1364 3145 1512 3172 cursus
1545 3147 1684 3186 aquae
1716 3135 1915 3187 perditus
1947 3141 2023 3183 est,

299 3205 340 3238 et
374 3198 442 3238 via
473 3199 590 3251 regia
621 3199 827 3250 similiter,
851 3202 905 3242 ad
938 3216 1069 3255 grave
1098 3211 1411 3245 nocumentum
1442 3207 1574 3246 totius
1604 3207 1732 3247 villae
1760 3209 2023 3260 praedictae,

304 3279 382 3311 etc.

478 3364 485 3376 ¹
510 3361 729 3401 Alalllzaeus‚]
748 3363 938 3401 ‘Mathew,'
956 3365 1027 3397 MS.
1263 3370 1275 3384 ²
1297 3368 1489 3408 commune,]
1511 3369 1745 3408 ‘eomrmmes,5
1763 3371 1835 3402 MS.
