2198 3845
277 409 334 448 40
549 410 768 444 RECORDS
801 413 861 444 OF
894 413 995 445 THE
1026 413 1262 446 BOROUGH
1296 414 1356 446 OF
1391 413 1738 446 NOTTINGHAM.
1872 400 2001 459 [1255

630 534 960 576 XX.—Seccmd
981 536 1163 579 Charter
1182 537 1237 588 of
1248 536 1299 576 K
1299 536 1377 589 ing
1395 536 1547 588 Hemy
1568 536 1652 576 III.

982 635 1099 677 1255,
1122 625 1227 678 July
1251 637 1312 666 20.

370 708 685 763 [H]ENRICUS,
710 713 793 753 Dei
818 713 981 763 Gratia,
1007 715 1106 755 Rex
1135 715 1337 768 Angliac,
1363 715 1580 755 Dominus
1608 715 1874 768 Hyberniae,
1899 715 2006 755 Dux

284 783 595 834 Normanniae,
619 785 931 838 Aquitanniae,
955 794 998 828 et
1022 789 1181 830 Comes
1204 788 1504 842 Andegaviae,
1528 788 1873 841 archiepiscopis,
1897 788 2007 841 epis-

282 856 414 909 copis,
457 857 702 907 abbatibus,
745 860 970 912 prioribus,
1013 862 1258 909 comitibus,
1295 862 1543 911 baronibus,
1593 862 1847 915 justitiariis,
1896 863 2007 903 vice-

282 930 525 980 comitibus,
556 934 827 985 praepositis,
860 935 1078 984 ministris,
1101 943 1145 976 et
1174 936 1379 976 omnibus
1408 936 1577 976 ballivis
1609 943 1652 976 et
1679 935 1879 976 fidelibus
1908 937 2007 985 suis,

280 1004 479 1045 salutem.
544 1007 702 1048 Sciatis
740 1022 819 1048 nos
861 1010 1136 1059 concessisse,
1175 1017 1218 1051 et
1254 1010 1336 1050 hac
1374 1016 1494 1051 carta
1530 1016 1679 1051 nostra
1715 1009 2007 1060 confirmasse,

284 1079 580 1132 Burgensibus
615 1082 773 1122 nostris
806 1083 1092 1136 Notingham,
1125 1085 1243 1136 quod
1275 1084 1353 1136 ipsi
1384 1091 1427 1124 et
1457 1097 1605 1124 eorum
1636 1083 1817 1124 heredes
1851 1083 2007 1136 imper-

283 1159 464 1204 petuum
509 1167 584 1206 per
625 1161 764 1195 totam
809 1163 966 1197 terram
1011 1165 1054 1198 et
1091 1157 1396 1211 p[ote]statem
1434 1164 1629 1198 nostram
1666 1157 1859 1198 habeant
1895 1157 2008 1198 hanc

282 1226 540 1273 libertatem,
571 1228 783 1278 videlicet,
807 1232 925 1283 quod
957 1231 1048 1284 ipsi,
1078 1232 1144 1272 vel
1176 1245 1325 1272 eorum
1356 1232 1473 1272 bona
1502 1245 1780 1285 quocumque
1813 1232 2007 1273 locorum

281 1299 322 1340 in
353 1307 573 1353 potestate
603 1309 751 1343 nostra
781 1304 968 1354 inventa,
993 1319 1079 1346 non
1111 1312 1354 1347 arestcntur
1383 1320 1462 1359 pro
1491 1305 1637 1358 aliquo
1659 1306 1809 1346 debito
1837 1306 1893 1346 de
1921 1319 2009 1359 quo

281 1375 557 1429 fidejussores
591 1385 666 1419 aut
701 1379 962 1433 principales
998 1382 1217 1422 debitores
1253 1395 1339 1422 non
1376 1382 1636 1430 exstiterint,
1666 1382 1746 1421 nisi
1783 1381 1893 1423 forte
1927 1382 2007 1435 ipsi

279 1451 498 1492 debitores
540 1453 595 1494 de
637 1468 786 1495 corum
822 1456 907 1497 sint
942 1470 1179 1498 communa
1211 1464 1254 1499 et
1289 1464 1520 1511 potestate,
1554 1457 1767 1498 habentes
1804 1458 1921 1498 unde
1953 1458 2009 1499 de

280 1526 439 1567 debitis
461 1527 548 1568 suis
572 1528 612 1569 in
637 1535 732 1570 toto
755 1531 821 1571 vel
847 1531 887 1571 in
919 1538 1042 1584 parte
1072 1532 1321 1573 satisfacere
1350 1533 1530 1586 possint,
1554 1539 1596 1573 et
1623 1532 1726 1573 dicti
1762 1533 2008 1585 Burgenses

281 1601 567 1642 creditoribus
610 1605 865 1645 eorumdem
903 1605 1151 1646 debitorum
1194 1607 1234 1647 in
1276 1607 1447 1660 justitia
1483 1606 1710 1655 defuerint,
1745 1613 1788 1647 et
1829 1607 1884 1646 de
1926 1606 2008 1647 hoc

280 1674 597 1716 rationabiliter
618 1683 819 1718 constare
841 1679 987 1731 possit.
1052 1681 1359 1722 Concessimus
1382 1681 1526 1729 etiam,
1550 1687 1592 1721 et
1615 1680 1696 1720 hac
1719 1687 1839 1721 carta
1861 1686 2010 1721 nostra

281 1748 647 1796 confirmavimus,
679 1751 843 1792 eisdem
877 1753 1183 1807 Burgensibus‚
1215 1755 1332 1808 quod
1367 1754 1689 1808 imperpetuum
1722 1754 1914 1794 habeant
1946 1768 2008 1795 re-

280 1829 455 1863 turnum
489 1823 685 1865 brevium
719 1833 966 1867 nostrorum
995 1828 1050 1868 de
1085 1828 1502 1869 summonitionibus
1540 1827 1742 1867 scaccarii
1779 1827 1924 1876 nostri,
1955 1828 2010 1869 de

281 1897 485 1938 omnibus
523 1898 577 1938 ad
613 1899 799 1952 burgum
843 1907 1040 1942 nostrum
1086 1902 1373 1955 Notingham’
1416 1901 1745 1955 pertinentibus,
1789 1902 1849 1942 ita
1890 1901 2009 1954 quod

281 1971 426 2011 nullus
448 1972 702 2022 vicecomes,
726 1980 800 2014 aut
824 1974 932 2014 alius
955 1975 1139 2016 ballivus
1162 1976 1228 2016 vel
1254 1976 1450 2017 minister
1472 1982 1628 2024 noster,
1652 1976 1854 2016 decetero
1877 1975 2008 2016 intro-

284 2045 432 2085 mittat
454 2059 500 2085 se
521 2046 576 2086 de
606 2046 857 2100 hujusmodi
888 2050 1305 2091 summonitionibus
1336 2057 1410 2091 aut
1433 2049 1778 2090 districtionibus
1801 2049 2010 2091 faciendis

282 2119 324 2158 in
349 2120 574 2171 praedicto
603 2120 752 2174 burgo,
776 2121 856 2162 nisi
887 2136 964 2175 per
985 2123 1204 2164 defectum
1236 2125 1453 2165 dictorum
1486 2123 1775 2176 Burgensium
1806 2131 1882 2164 aut
1912 2123 2009 2164 Bal-

282 2192 467 2233 livorum
491 2193 688 2247 ejusdem
712 2195 846 2248 burgi.
911 2196 1059 2250 Quare
1088 2197 1290 2238 volumus
1319 2204 1362 2238 et
1392 2197 1571 2237 firmiter
1600 2197 1901 2250 praecipimus,
1932 2211 2010 2250 pro

283 2268 409 2308 nobis
431 2274 475 2308 et
496 2268 728 2309 heredibus
752 2269 921 2320 nostris,
945 2272 1063 2324 quod
1086 2271 1297 2324 praedicti
1324 2272 1568 2324 Burgenses
1591 2276 1634 2310 et
1657 2283 1806 2310 eorum
1830 2270 2010 2312 heredes

283 2342 606 2395 imperpetuum
630 2342 822 2384 habeant
845 2343 1069 2386 libertates
1091 2345 1391 2398 praescriptas,
1416 2344 1526 2384 sicut
1549 2344 1821 2396 praedictum
1845 2351 1936 2385 est:
1967 2351 2011 2386 et

285 2415 580 2468 prohibemus,
603 2430 732 2470 super
754 2417 1072 2460 forisfacturam
1097 2426 1291 2460 nostram
1315 2419 1467 2460 decem
1495 2418 1712 2468 librarum,
1736 2431 1790 2458 ne
1818 2418 1914 2471 quis
1937 2432 2011 2459 eos

287 2495 440 2530 contra
461 2489 684 2530 libertates
714 2490 807 2531 illas
838 2492 879 2531 in
910 2492 1058 2545 aliquo
1087 2493 1247 2546 injuste
1276 2499 1418 2541 vexet,
1442 2492 1667 2541 disturbet,
1690 2492 1757 2532 vel
1787 2492 2009 2546 inquietet.

288 2563 387 2603 Hiis
409 2564 620 2604 testibus:
649 2565 824 2617 Rogero
853 2565 892 2606 le
916 2566 1046 2619 Bigot
1071 2568 1244 2609 Comite
1269 2566 1510 2620 Norf[olk’]
1530 2566 1790 2607 Marescallo
1807 2566 2010 2620 Angliae,

288 2636 480 2678 Radulfo
504 2637 591 2678 filio
615 2639 828 2688 Nicholai,
851 2640 1054 2692 Johanne
1076 2642 1131 2682 de
1156 2641 1413 2691 Lessinton',
1439 2641 1628 2681 Ricardo
1654 2641 1709 2681 de
1736 2640 1864 2694 Grey,
1887 2640 2011 2681 Will-

287 2711 403 2751 elmo
432 2711 486 2752 de
516 2712 644 2765 Grey,
667 2713 884 2754 Ymberto
915 2715 1081 2768 Poieys,
1109 2715 1374 2756 &Vaukelino
1400 2715 1455 2755 de
1483 2713 1694 2763 Aerdern‚
1719 2715 1848 2755 Petro
1879 2714 2011 2755 Ever-

286 2785 390 2835 ardi,
417 2786 643 2826 &villelmo
672 2786 878 2837 Gernum,
907 2794 950 2828 et
979 2789 1081 2829 aliis.
1147 2790 1315 2830 Datum
1351 2802 1427 2842 per
1455 2801 1634 2828 manum
1670 2793 1865 2828 nostram
1894 2787 2011 2841 apud

288 2859 573 2913 Notingham,
592 2861 799 2901 vicesimo
817 2862 887 2902 die
908 2862 1022 2915 Julii,
1042 2876 1158 2903 anno
1177 2863 1297 2916 regni
1316 2862 1451 2903 nostri
1471 2861 1691 2902 tricesimo
1709 2874 1834 2902 nono.
1887 2870 2009 2913 4155.

605 3033 791 3073 XXI.—-
805 3033 988 3074 Various
1013 3033 1176 3074 Granls
1197 3040 1236 3074 lo
1261 3033 1305 3074 S.
1321 3032 1474 3088 solm's
1494 3032 1702 3085 Hospital.

379 3125 409 3165 I.
445 3125 627 3166 1Sciant
664 3132 914 3177 praesentes
947 3132 989 3166 et
1021 3125 1151 3166 futuri
1185 3125 1303 3178 quod
1336 3138 1418 3177 ego
1458 3123 1673 3164 Radulfus
1706 3123 1817 3164 filius
1852 3125 2012 3178 Rogeri

291 3199 466 3251 Greyne
502 3199 557 3239 de
594 3199 899 3252 Nottingham,
934 3199 1046 3249 dedi,
1079 3199 1282 3249 concessi,
1315 3205 1358 3240 et
1389 3198 1471 3239 hac
1507 3198 1724 3252 praesenti
1761 3205 1880 3239 carta
1916 3212 2014 3239 mea

289 3272 553 3322 confirmavi,
595 3273 810 3326 Magistro
856 3273 1051 3315 Roberto
1087 3274 1142 3314 de
1178 3272 1448 3321 Adinburks,
1490 3273 1578 3313 duo
1620 3272 1876 3326 messuagia,
1912 3285 2011 3313 cum

929 3366 934 3379 ¹
964 3364 1061 3394 From
1079 3362 1234 3394 Greaves’
1252 3373 1378 3404 papers.
