2198 3845
326 411 406 451 208
588 419 806 452 RECORDS
838 419 900 451 OF
931 419 1031 450 THE
1063 418 1298 451 BOROUGH
1331 417 1391 449 OF
1425 416 1772 449 NOTTINGHAM.
1910 406 2042 464 [1379

325 541 594 594 promisisset
628 555 721 582 esse
754 542 917 582 socium
954 554 1079 581 suum
1115 541 1169 581 ad
1204 540 1558 581 emendationem
1593 539 1662 580 del
1698 539 1903 582 Cowlane
1936 553 2042 592 quo-

325 628 462 668 usque
492 615 562 655 via
598 615 670 655 illa
706 615 896 668 plenarie
932 614 1059 655 fuerit
1096 613 1227 664 finita,
1266 614 1358 667 ipse
1389 613 1636 654 Willelmus
1674 613 1830 654 Etwell
1868 614 1969 654 inde
2005 614 2042 654 ei

325 688 452 742 fregit
474 690 819 738 conventionem,
838 695 880 729 et
902 702 1000 728 eum
1024 688 1188 728 solum1
1213 687 1385 741 reliquit
1402 694 1638 740 antequam
1661 701 1770 740 opus
1788 687 1931 728 dictae
1948 687 2043 728 viae

325 763 451 803 fuerit
473 763 751 816 completum,
775 764 829 803 acl
853 763 1095 815 dampnum
1120 762 1253 815 ipsius
1277 762 1355 801 xls.
1411 762 1469 802 Et
1486 761 1604 801 venit
1626 762 1767 801 dictus
1785 761 2042 810 Willelmus,

324 844 367 878 et
403 836 608 886 defendit,
647 837 725 890 [et]
760 837 864 877 dicit
901 837 1018 889 quod
1056 836 1220 876 nullam
1259 835 1594 876 conventionem
1632 835 1669 875 ei
1707 834 1844 887 fregit,
1882 841 1924 875 et
1960 834 2043 874 hoc

324 911 433 963 petit
455 911 571 963 quod
596 911 844 963 inquiratur,
868 917 945 950 etc.
1010 910 1117 950 Ideo
1146 915 1427 963 praeceptum
1457 915 1522 950 est
1552 908 1728 949 Ballivis
1758 909 1874 962 quod
1898 909 2044 949 venire

325 983 485 1025 faciant
508 984 831 1037 inquisitionem
855 985 966 1025 inter
987 997 1060 1024 eos
1083 991 1234 1024 contra
1256 983 1505 1037 proximam
1531 983 1716 1025 Curiam.

1758 1057 1873 1104 1280,
1898 1069 1952 1095 ro.
1984 1067 2041 1107 14.

498 1305 831 1347 CXL—Aesim
853 1304 1029 1357 against
1049 1304 1115 1344 tlee
1137 1304 1300 1357 [smper
1318 1304 1372 1355 os
1385 1303 1450 1343 {lle
1476 1303 1674 1345 Common
1696 1303 1855 1343 Beasls.

993 1422 1106 1461 ¹379·
1132 1410 1284 1450 March
1311 1421 1371 1461 30.

413 1560 624 1600 Ricardus
659 1560 713 1599 dc
747 1559 1002 1608 Grantham,
1035 1571 1230 1611 querens,
1263 1557 1422 1610 optulit
1455 1571 1499 1596 se
1531 1570 1678 1596 versus
1709 1556 1957 1609 Johannem
1990 1557 2045 1596 dc

326 1632 569 1673 Manesfeld
594 1633 648 1672 dc
674 1632 834 1685 placito
863 1632 997 1672 debiti
1028 1638 1070 1672 ct
1099 1631 1465 1683 transgressionis,
1488 1631 1542 1670 de
1571 1644 1623 1670 eo
1652 1630 1769 1683 quod
1800 1631 1840 1669 in
1872 1629 2044 1671 defectu

325 1707 457 1759 ipsius
488 1707 702 1759 Joliannis
734 1720 989 1747 communes
1027 1706 1191 1746 bestiae
1224 1705 1349 1745 villae
1383 1704 1753 1757 Notynghamiae,
1787 1717 1894 1757 quas
1928 1704 2043 1745 idem

323 1780 546 1833 Johannes
583 1781 735 1821 habuit
772 1781 813 1820 in
851 1780 1060 1827 custodia,
1098 1779 1382 1819 comederunt
1415 1779 1637 1831 quandam
1677 1778 1872 1818 frichiam
1910 1778 2045 1831 ipsius

326 1853 513 1902 Ricardi‚
555 1854 610 1894 ad
652 1854 894 1906 dampnum
948 1853 1081 1906 ipsius
1123 1852 1414 1905 quadraginta
1455 1852 1742 1892 denariorum.
1827 1853 1885 1892 Et
1925 1852 2045 1893 venit

324 1927 465 1967 dictus
506 1927 741 1979 Johannes,
784 1933 826 1967 et
867 1926 1064 1967 defendit
1106 1926 1204 1975 vim,
1247 1932 1337 1975 etc„
1380 1932 1422 1966 et
1464 1925 1568 1966 dicit
1610 1926 1728 1978 quod
1771 1925 1922 1966 frichia
1972 1926 2045 1967 illa

324 2007 517 2040 comesta
559 2000 637 2041 fuit
680 2001 721 2040 in
759 2000 930 2040 defectu
969 2001 1101 2053 ipsius
1142 2001 1327 2048 Ricardi‚
1365 2001 1482 2052 quod
1521 2013 1607 2039 non
1651 2013 1747 2039 eam
1785 1999 1960 2040 salcavit
2001 2000 2042 2040 in

323 2082 520 2127 tempore
542 2075 642 2115 anni
667 2088 753 2127 quo
779 2074 956 2114 deberet
986 2088 1081 2114 eam
1112 2073 1303 2121 falcasse,
1327 2080 1368 2114 et
1398 2073 1479 2113 hoc
1508 2073 1617 2126 petit
1646 2073 1763 2125 quod
1794 2073 2044 2125 inquiratur,

324 2155 400 2188 etc.
1758 2148 1874 2195 1280,
1899 2160 1953 2186 ro.
1985 2157 2042 2198 13.

439 2427 798 2469 CX11.-Act2·022
821 2427 874 2478 of
887 2426 952 2466 {lle
972 2426 1109 2466 Prior
1127 2426 1181 2477 Os
1193 2425 1259 2465 llle
1280 2425 1322 2464 F
1322 2425 1437 2464 rz'ars
1463 2424 1689 2467 Carmelite
1709 2425 1884 2475 (maiust
1902 2438 1929 2464 a

946 2500 1199 2551 Refmctmy
1223 2498 1419 2538 Servant.

1019 2615 1134 2655 1379,
1158 2604 1283 2657 April
1311 2615 1342 2654 3.

411 2752 560 2791 Frater
610 2752 837 2797 Robertus,
885 2751 1004 2791 Prior
1050 2752 1249 2791 Fratrum
1294 2751 1628 2793 Carmelitarum
1673 2751 2043 2803 Notynghamiae‚

322 2826 514 2877 queritur
549 2826 603 2865 de
639 2825 840 2878 Johanne
879 2826 1040 2873 Carter,
1075 2824 1239 2864 famulo
1272 2838 1361 2873 suo,
1399 2826 1453 2865 de
1490 2824 1652 2877 placito
1687 2825 2043 2877 transgressionis

322 2904 364 2938 et
396 2904 674 2950 contemptus
706 2904 857 2938 contra
891 2898 1138 2945 Statutum;
1175 2899 1247 2951 qui
1281 2912 1357 2951 per
1388 2898 1607 2939 licentiam
1646 2898 1897 2938 concordati
1931 2905 2042 2947 sunt,

322 2976 364 3010 et
400 2971 647 3023 praedictus
682 2971 907 3024 Johannes
944 2985 989 3011 se
1025 2972 1149 3024 ponit
1181 2972 1222 3010 in
1263 2971 1567 3020 misericordia,
1600 2978 1642 3012 et
1675 2971 1853 3012 ulterius
1891 2971 1932 3011 in
1971 2971 2044 3012 illa

321 3044 562 3093 concordia,
600 3044 642 3084 in
679 3044 809 3097 plena
847 3044 987 3093 Curia,
1020 3058 1166 3084 coram
1205 3044 1375 3097 Majore
1412 3051 1454 3084 et
1493 3045 1680 3093 Ballivis,
1711 3044 1882 3098 juravit,
1915 3057 2044 3097 super

321 3123 645 3157 sacrosanctum
686 3118 999 3169 Ewangelium,
1033 3117 1217 3158 fideliter
1252 3118 1410 3157 servire
1442 3117 1561 3158 dicto
1597 3118 1734 3158 Fratri
1772 3118 1967 3159 Roberto
2000 3125 2043 3159 et

323 3191 568 3232 Conventui
592 3204 728 3242 usque
751 3191 805 3230 ad
829 3190 987 3231 festum
1012 3191 1135 3230 Beati
1160 3191 1361 3231 Nicholai
1385 3192 1637 3244 proximum
1662 3191 1865 3240 futurum,
1889 3198 1932 3231 et
1954 3204 2040 3230 non

322 3263 509 3315 amplius
531 3270 682 3304 contra
704 3277 777 3304 eos
801 3278 894 3304 esse
916 3263 1131 3303 rebellem.
1653 3266 1769 3311 1280,
1794 3278 1849 3304 ro.
1874 3264 1948 3304 for.
1974 3264 2039 3304 2d.

892 3357 899 3370 ¹
925 3353 1054 3392 solnm,]
1075 3352 1207 3389 ‘mlusj
1225 3353 1297 3386 MS,
