2198 3845
327 421 373 458 18
586 426 804 459 RECORDS
837 426 897 457 OF
930 425 1029 456 THE
1063 424 1297 456 BOROUGH
1332 424 1391 455 OF
1427 423 1773 455 NOTTINGHAM.
1911 411 2040 468 [1225

324 551 418 599 mei,
443 556 485 590 et
517 564 595 603 pro
625 549 852 590 animabus
881 554 1206 589 antecessorum
1237 552 1279 587 et
1309 558 1606 587 successorum
1640 558 1850 593 meorum,
1873 543 2046 584 dedisse

321 631 363 664 et
392 624 666 672 concessisse,
689 629 732 663 et
760 622 841 662 hac
871 621 1087 674 praesenti
1112 627 1231 660 carta
1254 633 1351 660 mea
1373 618 1664 668 confirmasse,
1691 619 1788 659 Deo
1810 624 1853 658 et
1878 616 2042 657 Domui

326 697 547 750 Hospitali
588 697 709 737 Beati
744 695 958 749 Johannis
987 695 1042 734 de
1077 694 1382 746 Nottingham,
1416 700 1459 733 et
1493 693 1716 733 Fratribus
1752 692 1913 732 ibidem
1948 691 2046 731 Deo

326 771 622 820 servientibus,
647 771 687 810 in
716 782 869 823 puram
897 775 939 809 et
966 774 1222 821 perpetuam
1251 767 1526 807 elimosinam
1550 768 1658 807 duas
1686 766 1870 807 bovatas
1897 771 2046 813 terrae,

324 857 423 884 cum
461 844 664 884 omnibus
702 842 973 896 pertinentiis
1011 841 1109 889 suis,
1148 841 1188 880 in
1228 841 1443 881 territorio
1478 842 1533 882 de
1570 841 1834 889 Estanton31
1873 839 2046 887 scilicet,

323 917 418 958 illas
447 931 555 970 quas
588 916 833 957 VVillclmus
864 914 975 955 filius
1008 914 1183 955 Godrici
1217 915 1367 963 tenuit,
1398 929 1510 967 quae
1540 914 1712 955 fuerunt
1741 915 1795 954 de
1828 913 2049 954 dominico

326 1004 434 1040 meo,
474 991 670 1044 jacentes
713 1003 861 1029 versus
900 988 1058 1029 Solem.
1136 989 1363 1028 Praeterea
1407 989 1506 1029 dedi
1554 996 1596 1030 et
1640 988 1845 1037 concessi,
1890 994 1932 1028 et
1968 987 2049 1027 hac

326 1064 542 1117 praesenti
572 1070 691 1103 carta
721 1076 818 1102 mea
847 1061 1111 1110 confirmavi,
1141 1062 1238 1102 Deo
1267 1069 1309 1103 et
1339 1063 1588 1115 praedictae
1619 1062 1793 1111 Domui,
1817 1069 1859 1103 et
1891 1061 2049 1102 Fratri-

328 1139 407 1178 bus
444 1139 605 1179 ibidem
645 1137 742 1177 Deo
779 1135 1075 1184 servientibus
1113 1142 1252 1176 totam
1292 1136 1505 1177 culturam
1545 1150 1688 1177 meam
1722 1150 1834 1189 quae
1871 1142 2052 1175 vocatur

328 1212 644 1261 ‘Rihelandes,’
677 1224 789 1264 quae
818 1210 934 1263 jacet
968 1209 1174 1262 proximo
1208 1210 1302 1250 viae
1333 1223 1446 1262 quae
1480 1210 1621 1251 tendit
1656 1224 1803 1251 versus
1842 1210 2050 1261 Notting-

329 1286 442 1335 ham,
474 1286 570 1326 loco
598 1285 707 1334 tosti,
737 1297 835 1325 cum
869 1289 1047 1336 pastura
1079 1283 1317 1323 ducentum
1350 1283 1591 1332 bidentum,
1622 1291 1664 1325 et
1697 1291 1796 1324 octo
1829 1283 1976 1331 boum,
2007 1289 2050 1323 et

328 1374 407 1401 sex
443 1374 671 1402 vaccarum
707 1358 950 1407 sterilium,2
983 1363 1025 1398 et
1059 1357 1245 1397 duorum
1281 1370 1504 1410 equorum,
1539 1365 1582 1398 et
1616 1359 1768 1398 decem
1807 1369 2052 1410 porcorum,

329 1434 460 1475 libere
482 1441 525 1476 et
547 1434 703 1488 quiete,
727 1433 894 1486 integre
920 1438 962 1472 et
989 1431 1191 1485 plenarie,
1215 1445 1313 1471 cum
1342 1431 1546 1472 omnibus
1577 1431 1862 1480 libertatibus,
1885 1436 1928 1470 et
1951 1443 2050 1470 cum

328 1508 532 1549 omnibus
567 1508 710 1549 liberis
745 1506 1016 1555 communiis,
1055 1512 1097 1545 ct
1134 1519 1232 1545 cum
1271 1505 1475 1545 omnibus
1514 1505 1657 1546 liberis
1695 1504 1975 1553 aisiamentis‚
2011 1503 2053 1543 in

329 1583 463 1636 pratis
496 1590 539 1624 et
571 1583 612 1622 in
646 1581 829 1635 pascuis,
860 1580 901 1620 in
935 1580 1013 1620 viis
1044 1586 1086 1620 et
1123 1579 1165 1618 in
1199 1579 1375 1627 semitis,
1409 1586 1452 1620 et
1484 1580 1525 1619 in
1564 1580 1768 1620 omnibus
1801 1579 1906 1619 locis
1944 1577 2055 1618 infra

329 1657 475 1696 villam
499 1663 542 1697 et
567 1663 703 1696 extra.
771 1655 867 1707 Ego
896 1667 997 1694 vero
1030 1653 1248 1693 Robcrtus
1278 1660 1320 1693 ct
1350 1653 1531 1694 heredes
1559 1654 1641 1694 mei
1673 1652 2055 1693 warantizabimus

329 1738 372 1772 et
408 1731 694 1772 defendemus
737 1728 981 1781 praedictas
1025 1735 1170 1775 terras,
1209 1740 1306 1767 cum
1351 1727 1623 1780 pertinentiis
1665 1727 1763 1775 suis,
1805 1726 2056 1779 praedictae

332 1806 495 1846 Domui
530 1813 573 1846 et
610 1805 833 1846 Fratribus
871 1803 1032 1843 ibidem
1073 1803 1169 1842 Deo
1206 1802 1493 1842 servientibus
1532 1802 1865 1855 imperpetuum,
1901 1808 2054 1841 contra

330 1894 483 1921 omnes
525 1886 687 1933 gentes.
769 1879 831 1919 Ut
865 1884 1012 1918 autem
1055 1877 1161 1916 haec
1205 1889 1303 1916 mea
1339 1876 1520 1917 donatio
1561 1883 1604 1918 et
1641 1876 1864 1916 concessio
1901 1874 2056 1915 futuris

330 1953 602 2006 temporibus
633 1952 763 1992 robur
793 1951 1009 1991 firmitatis
1041 1950 1249 1997 obtineat,
1280 1964 1375 1990 cam
1409 1950 1650 2003 praesentis
1683 1950 1829 2003 scripti
1862 1950 1981 1998 serie,
2012 1955 2055 1989 et

332 2028 459 2081 sigilli
488 2028 571 2068 mei
602 2026 853 2074 munimine,
878 2025 1085 2065 roboravi.
1153 2025 1235 2064 His
1267 2024 1477 2065 testibus:
1509 2024 1772 2064 Alexandro
1802 2025 1857 2064 (10
1886 2023 2056 2072 Villers,

333 2104 542 2145 Gervasio
574 2104 628 2144 dc
664 2103 934 2154 Hunctorpe‚
968 2101 1103 2153 Hugo
1139 2101 1194 2140 de
1229 2100 1484 2154 Carlet[on]‚
1518 2101 1715 2142 Gerardo
1747 2101 1785 2141 le
1824 2101 2055 2152 Franceys,

336 2177 531 2218 Roberto
562 2176 648 2216 filio
678 2175 928 2228 Augustini,
958 2174 1181 2214 willelmo
1211 2174 1250 2214 le
1285 2175 1449 2216 Corner
1481 2175 1535 2215 de
1568 2175 1874 2227 Nottingham,
1904 2174 2056 2214 Anke-

334 2250 452 2291 tino3
489 2250 577 2291 filio
614 2249 821 2303 Alic[iae]
860 2249 914 2289 de
951 2249 1117 2297 eadem,
1157 2247 1409 2300 Augustino
1446 2248 1534 2288 filio
1577 2249 1796 2297 willelmi,
1835 2248 2059 2289 willelmo

336 2324 423 2365 filio
458 2325 613 2374 Briani,
646 2324 845 2365 Waltero
877 2324 932 2363 de
964 2323 1296 2375 XVydmarepes,
1331 2322 1529 2363 Galfrido
1561 2323 1717 2363 clerico
1753 2324 1808 2363 de
1846 2322 2054 2374 Notting-

336 2399 448 2448 ham,
473 2405 515 2439 et
539 2398 686 2438 multis
710 2397 813 2438 aliis.
1784 2407 1908 2447 4770,
1932 2410 1969 2448 p.
2001 2397 2058 2435 18.

444 2635 736 2687 X.—Lez‘ling
754 2635 808 2686 of
820 2633 886 2673 the
916 2633 1029 2673 Tolls
1049 2633 1104 2684 os
1116 2632 1182 2672 llze
1203 2632 1434 2685 Bmgesses
1455 2634 1509 2685 of
1520 2633 1808 2685 N0tl2'24grlta1n
1831 2639 1870 2673 to
1892 2633 1958 2673 ille

946 2706 1178 2758 Bmgresses
1198 2706 1253 2757 of
1263 2706 1456 2758 Retford.

959 2805 1075 2847 1225,
1101 2795 1353 2836 November
1390 2806 1447 2846 17.

422 2914 442 2942 4
458 2913 683 2956 Universis
705 2912 783 2952 has
807 2911 971 2952 litteras
993 2910 1146 2951 visuris
1168 2910 1235 2950 vel
1258 2910 1469 2951 audituris
1494 2911 1739 2964 Burgenses
1764 2911 2061 2964 Noffingham‘,

337 2989 532 3030 salutem.
597 2987 779 3027 Noverit
801 2985 1058 3026 universitas
1081 2991 1224 3024 vestra
1246 2998 1335 3034 nos,
1359 2985 1581 3024 communi
1605 2998 1783 3024 assensu
1802 2991 1844 3024 et
1867 2984 2061 3024 unanimi

337 3063 573 3110 voluntate,
603 3060 828 3108 dimisisse,
859 3058 1135 3107 concessisse,
1158 3065 1201 3098 et
1231 3058 1311 3098 hac
1341 3059 1558 3111 praesenti
1588 3065 1707 3098 carta
1736 3064 1885 3098 nostra
1910 3057 2063 3097 confir-

337 3150 489 3185 masse,
510 3134 804 3188 Burgensibus
820 3133 874 3174 de
898 3131 1081 3173 Retford
1104 3131 1351 3172 tholnetum
1375 3139 1571 3172 nostrum
1595 3132 1816 3185 pertinens
1841 3133 1986 3185 Burgo
2008 3133 2063 3172 de

399 3261 408 3275 ¹
434 3255 850 3294 stanton-on-the-Wolds,
871 3254 1041 3290 Rushcliff,
1058 3254 1135 3285 Wa-
1336 3258 1348 3272 ²
1380 3255 1553 3285 Vaccarnm
1591 3254 1784 3293 slcrilz'um,]
1819 3255 1842 3270 “
1859 3264 1973 3286 vaccas
2003 3260 2064 3286 ste-

334 3313 488 3356 pentake.
539 3314 602 3345 See
623 3312 806 3349 Thoroton,
831 3310 949 3351 Antz'q.
971 3309 1011 3350 of
1025 3310 1132 3346 Abtts,
1272 3307 1381 3347 riles‚”
1397 3309 1472 3340 MS.

334 3378 364 3409 p.
386 3376 436 3406 41.
1335 3366 1347 3385 3
1369 3362 1563 3403 Anketz·no‚]
1585 3364 1606 3378 “
1621 3361 1861 3400 Anketinumss'
1879 3363 1951 3395 MS.
