2198 3845
298 425 380 454 210
560 422 779 455 RECORDS
811 422 871 454 OF
903 421 1004 453 THE
1036 418 1272 453 BOROUGH
1304 417 1365 449 OF
1400 413 1746 448 NOTTINGHAM.
1883 402 2013 456 [1379

397 560 770 603 CXIIL—Claim
782 561 864 612 for
883 559 1039 610 flsoney
1050 557 1165 611 paid
1182 563 1220 596 to
1241 569 1267 595 a
1294 554 1402 595 Gz'ld
1420 554 1463 594 in
1489 553 1533 594 S.
1557 553 1718 593 Peler's
1744 549 1918 594 Clczcrclz.

982 657 1098 698 1379,
1123 645 1248 698 April
1275 654 1335 695 27.

384 764 630 805 Willelmus
675 763 859 816 Pykard,
897 775 1092 815 querenS,
1130 759 1289 813 optulit
1331 772 1375 798 sc
1413 770 1559 798 versus
1603 756 1839 796 Ricardum
1882 754 1937 794 de
1979 753 2019 793 la

301 838 537 880 Chanouns
572 844 613 877 et
649 837 899 890 Johannam
935 847 1119 875 uxorem
1153 833 1256 885 ejus,
1290 831 1586 878 defendentes,
1619 830 1674 869 de
1708 828 1869 881 placito
1901 827 2018 879 quod

298 912 335 951 ei
373 911 534 951 debent
571 917 757 963 quatuor
794 909 956 948 solidos
993 914 1035 948 et
1073 913 1260 960 quatuor
1297 905 1498 946 denarios
1536 903 1715 956 argenti,
1753 914 1861 954 quos
1903 900 2019 940 idem

299 986 555 1032 Willelmus,
587 987 640 1025 ad
672 991 871 1038 rogatum
905 983 1154 1036 praedictae
1185 981 1426 1034 Johannae,
1456 993 1534 1032 pro
1562 992 1614 1018 ea
1642 977 1787 1030 posuit
1819 982 1862 1016 et
1893 974 2021 1014 solvit

300 1059 456 1100 Gildae
917 1065 943 1105 ,1
987 1056 1028 1095 in
1080 1055 1275 1095 Ecclesia
1320 1053 1442 1094 Beati
1488 1052 1601 1093 Petri
1651 1048 2020 1103 Notynghamiae,

301 1134 354 1173 ad
398 1132 556 1173 festum
924 1138 950 1178 ,1
1000 1143 1115 1169 anno
1157 1129 1276 1181 regni
1321 1128 1454 1180 Regis
1498 1125 1702 1166 Edwardi
1745 1123 1880 1164 Tertii
1923 1128 2022 1175 post

302 1207 601 1258 Conquestum
640 1203 1005 1257 quinquagesimo
1047 1216 1184 1255 nuper
1224 1201 1429 1249 defuncti,
1467 1214 1576 1253 quos
1617 1199 1794 1252 quidem
1837 1202 2024 1249 quatuor

301 1279 461 1319 solidos
494 1285 535 1319 et
568 1286 754 1331 quatuor
786 1278 986 1318 denarios
1020 1277 1161 1317 adhuc
1193 1275 1402 1328 praedicti
1439 1274 1650 1314 Ricardus
1683 1279 1725 1312 et
1753 1271 1958 1324 Johanna
1985 1268 2023 1309 ei

301 1352 509 1400 detinent,
544 1353 598 1391 ad
634 1352 828 1404 dampna
865 1350 998 1403 ipsius
1032 1349 1239 1390 willelmi
1275 1350 1459 1389 duorum
1496 1347 1743 1387 solidorum.
1814 1345 1872 1385 Et
1906 1343 2024 1384 venit

302 1426 442 1466 dictus
468 1426 690 1473 Ricardus,
714 1439 792 1478 pro
814 1438 860 1464 sc
882 1431 924 1464 et
947 1438 1025 1477 pro
1048 1429 1271 1464 attornato
1300 1422 1443 1463 dictae
1471 1421 1701 1474 Johannae
1731 1417 1880 1458 uxoris
1910 1430 2024 1465 suae,

303 1506 345 1540 et
368 1498 572 1547 defendit,
591 1505 681 1547 etc.,
704 1506 746 1539 et
769 1498 872 1538 dicit
891 1499 1007 1551 quod
1033 1497 1162 1550 [ip]se
1185 1510 1262 1536 nec
1285 1496 1402 1537 dicta
1423 1495 1628 1548 Johanna
1646 1506 1758 1533 uxor
1779 1491 1871 1544 ejus
1894 1490 2024 1530 nichil

304 1573 340 1612 ei
363 1572 525 1612 debent
548 1585 625 1611 nec
649 1572 857 1620 detinent,
875 1578 917 1611 et
940 1571 1020 1611 hoc
1045 1571 1153 1623 petit
1176 1570 1293 1623 quod
1319 1569 1567 1622 inquiratur.
1620 1568 1725 1607 Ideo
1743 1571 2024 1619 praeceptum

304 1652 368 1685 est
403 1645 577 1685 Ballivis
610 1645 726 1697 quod
750 1645 894 1685 venire
928 1644 1087 1685 faciant
1120 1644 1352 1684 duodecim
1383 1643 1597 1695 juratores
1631 1642 1741 1682 inter
1769 1653 1843 1680 eos
1875 1645 2027 1679 contra

305 1719 553 1771 proximam
580 1718 765 1760 Curiam.
1742 1716 1857 1761 1280,
1881 1727 1936 1752 ro.
1967 1721 2025 1763 15.

425 2157 833 2200 CXIV—Assanlt
854 2165 959 2210 upon
981 2171 1007 2197 a
1030 2158 1190 2198 Person
1215 2158 1258 2197 ilc
1281 2158 1449 2210 cnsloa'y
1469 2158 1523 2209 of
1535 2157 1600 2197 ΝΜ
1622 2156 1912 2197 Decennm‘ies.

1005 2274 1120 2315 1379,
1146 2265 1253 2317 May
1283 2276 1339 2304 11.

401 2378 660 2419 Laurentius
696 2379 941 2432 Corvyser,2
975 2378 1162 2419 famulus
1203 2379 1417 2432 Johannis
1454 2379 1508 2419 de
1552 2377 1803 2432 Lychefeld,
1840 2378 2033 2431 queritur

312 2453 366 2492 de
411 2452 603 2504 Hugone
647 2453 806 2505 Eyton'
848 2453 903 2492 de
944 2452 1105 2505 placito
1142 2453 1507 2506 transgressionis,
1542 2467 1593 2493 eo
1630 2453 1747 2505 quod
1784 2465 1882 2492 cum
1916 2452 2031 2492 idem

316 2526 586 2575 Laurentius,
623 2532 741 2565 certo
778 2526 858 2575 die,
895 2526 964 2565 hic
1001 2527 1117 2579 apud
1162 2526 1462 2579 Notyngham,
1500 2527 1554 2566 ad
1593 2525 1722 2566 finem
1768 2525 1916 2565 Pontis
1953 2524 2033 2565 fuit

313 2599 576 2640 attachiatus
608 2613 683 2652 per
715 2599 984 2640 Willelmum
1018 2600 1197 2641 Taliour
1228 2607 1270 2641 et
1299 2600 1569 2640 &Villelmum
1601 2599 1743 2649 Snell’,
1768 2599 2033 2639 Decenarios

314 2673 508 2725 ejusdem
553 2674 656 2721 viae,
694 2687 772 2726 pro
808 2674 1001 2726 quodam
1044 2674 1205 2715 insulto
1246 2675 1364 2727 quod
1402 2675 1494 2727 ipse
1532 2674 1792 2714 Laurentius
1829 2673 1929 2714 fecit
1971 2673 2032 2712 in-

311 2746 427 2798 juste
468 2753 510 2786 et
552 2753 703 2787 contra
744 2760 896 2800 pacem
934 2761 1082 2788 versus
1119 2748 1338 2800 quendam
1376 2747 1624 2800 Johannem
1657 2747 1712 2787 de
1750 2747 1910 2799 Eyton,
1943 2746 2034 2799 ipse

318 2820 463 2871 Hugo,
487 2819 526 2859 vi
556 2826 598 2859 et
628 2820 768 2869 armis,
792 2821 893 2861 inde
922 2821 1002 2862 sibi
1032 2821 1132 2862 fecit
1162 2822 1370 2862 insultum
1401 2822 1505 2862 dum
1539 2821 1631 2874 ipse
1664 2820 1925 2861 Laurentius
1955 2819 2034 2860 fuit

316 2893 356 2931 in
391 2893 589 2933 custodia
620 2894 941 2946 praedictorum
976 2895 1329 2944 Decenariorum‚
1363 2901 1405 2935 et
1437 2908 1536 2935 eum
1569 2895 1780 2948 percussit
1813 2901 1855 2934 et
1886 2894 2033 2934 verbe-

316 2965 435 3014 ravit,
478 2966 531 3005 ad
574 2967 815 3020 dampnum
865 2969 1075 3021 praedicti
1119 2969 1341 3009 Laurentii
1383 2984 1459 3009 xx.
1503 2969 1751 3018 solidorum,
1794 2975 1836 3009 et
1884 2974 2035 3008 contra

316 3051 479 3090 pacem.
544 3039 602 3080 Et
633 3041 752 3081 venit
785 3041 926 3082 dictus
965 3042 1110 3095 Hugo,
1144 3049 1186 3083 et
1220 3042 1415 3083 defendit
1447 3043 1547 3092 vim,
1580 3049 1670 3092 etc.,
1703 3049 1745 3083 et
1778 3042 1882 3082 dicit
1916 3041 2033 3094 quod

316 3125 402 3151 non
426 3119 491 3152 est
513 3113 739 3165 culpabilis
761 3115 841 3154 nisi
865 3116 907 3154 in
931 3129 976 3156 se
1004 3115 1292 3165 defendendo,
1317 3122 1358 3156 et
1388 3115 1469 3155 hoc
1498 3116 1607 3168 petit
1636 3115 1753 3168 quod
1783 3114 2033 3167 inquiratur,

317 3191 393 3225 etc.
459 3185 565 3225 Ideo
587 3195 867 3240 praeceptum
891 3195 956 3229 est
981 3189 1166 3238 Ballivis,
1190 3196 1266 3229 etc.
1748 3190 1864 3236 1280,
1889 3201 1943 3227 ΥΟ.
1974 3188 2031 3227 16.

661 3352 668 3365 ¹
697 3349 800 3380 Blank
825 3350 856 3380 in
882 3350 1028 3391 original.
1462 3355 1473 3368 2
1495 3356 1523 3382 cl
1539 3351 1686 3383 omitted.
