2198 3845
318 383 396 424 106
577 393 795 424 RECORDS
828 392 888 424 OF
920 391 1020 422 THE
1053 389 1288 422 BOROUGII
1321 388 1381 420 OF
1416 386 1763 419 NOTTINGHAM.
1900 373 2033 430 [1330

313 514 478 555 dictum
509 514 694 567 burgum
719 514 773 554 de
804 513 1077 566 Notingham
1101 512 1171 552 die
1201 510 1385 552 Veneris
1415 516 1457 550 et
1482 508 1665 552 Sabbati
1689 522 1787 548 cum
1811 507 2033 560 quadrigis

314 595 356 629 et
397 589 653 641 summagiis
695 588 830 637 suis,'1
874 587 1106 627 habuerint
1148 586 1189 625 in
1242 585 1397 624 eodem
1435 583 1574 636 burgo
1616 596 1750 622 unum
1794 587 2034 621 mercatum

313 662 493 715 singulis
522 661 777 714 septimanis
807 675 882 714 per
911 661 1026 700 cliem
1059 659 1253 708 sabbati,
1277 658 1388 698 sicut
1410 658 1587 698 dicunt:
1621 656 1726 706 Nos,
1750 669 1803 695 ne
1825 655 2036 708 praedicti

317 736 560 788 Burgenses
590 749 718 788 super
740 735 858 775 dicto
889 740 1080 774 mercato
1109 747 1187 773 suo
1213 732 1545 777 occasionentur
1567 731 1817 773 infuturum,
1840 729 2036 769 volentes

315 824 464 850 eorum
503 809 723 849 securitati
761 809 1007 862 prospicere
1044 807 1244 861 gratiose,
1282 805 1575 846 concessimus
1612 804 1683 852 eis,
1721 809 1765 843 et
1801 803 1882 842 hac
1919 808 2039 842 carta

317 890 467 924 nostra
498 882 862 931 confirmavimus,
886 882 1003 934 quod
1036 881 1128 934 ipsi,
1152 887 1195 921 et
1226 880 1407 920 heredes
1439 893 1489 919 ac
1521 891 1790 918 successores
1820 876 1883 916 sui
1917 889 2038 929 prae-

318 958 433 1007 dicti,
457 958 779 1010 imperpetuum
810 956 1002 996 habeant
1024 962 1067 996 et
1097 961 1276 996 teneant
1299 959 1539 993 mercatum
1562 951 1835 1004 praedictum
1858 949 2040 1002 singulis

318 1031 574 1085 septimanis
611 1044 687 1083 per
723 1030 838 1070 diem
884 1030 1080 1079 Sabbati,
1118 1042 1216 1069 cum
1259 1027 1462 1068 omnibus
1505 1025 1778 1066 libertatibus
1816 1030 1859 1064 et
1896 1023 2040 1063 liberis

318 1104 705 1145 consuetudinibus
755 1104 809 1144 ad
859 1103 1111 1156 hujusmodi
1161 1108 1400 1142 mercatum
1448 1100 1794 1154 pertinentibus;
1841 1097 2041 1138 nolentes

319 1179 436 1232 quod
460 1178 552 1231 ipsi,
575 1177 641 1218 vel
666 1191 814 1217 eorum
845 1177 1025 1217 heredes
1055 1177 1121 1217 vel
1152 1190 1432 1224 successores,
1456 1175 1685 1215 occasione
1715 1173 1894 1213 mercati
1918 1171 2041 1220 illius,

319 1268 397 1307 pro
433 1259 630 1305 ternpore
664 1252 899 1304 praeterito
928 1251 994 1292 vel
1026 1251 1181 1300 futuro,
1212 1264 1288 1303 per
1321 1264 1411 1299 nos,
1440 1249 1506 1290 vel
1542 1249 1723 1289 heredes
1753 1254 1937 1295 nostros,
1967 1259 2042 1286 seu

321 1327 541 1368 ministros
574 1331 745 1366 nostros
780 1338 1080 1378 quoscumque
1114 1325 1457 1373 occasionentur,
1491 1323 1778 1363 molestentur
1807 1322 1848 1361 in
1885 1321 2042 1374 aliquo,

320 1415 395 1442 seu
418 1406 661 1454 graventur.
725 1399 1031 1441 Concessimus
1055 1399 1186 1439 etiam
1217 1398 1380 1438 eisdem
1413 1396 1719 1449 Burgensibus,
1742 1402 1785 1436 et
1814 1395 1895 1435 hac
1925 1400 2046 1434 carta

321 1482 470 1516 nostra
501 1473 864 1523 confirmavimus,
888 1474 1005 1526 quod
1039 1473 1130 1526 ipsi,
1160 1473 1341 1512 heredes
1373 1478 1416 1512 et
1449 1484 1717 1511 successores
1750 1470 1826 1519 sui,
1849 1470 1903 1510 de
1936 1483 2043 1523 pon-

322 1550 441 1603 tagio
478 1562 554 1602 per
595 1554 737 1589 totum
776 1561 958 1600 regnum
994 1554 1036 1588 et
1071 1554 1337 1601 potestatem
1373 1553 1567 1587 nostram
1603 1546 1925 1598 imperpetuum
1960 1544 2047 1584 sint

323 1624 467 1677 quieti.

412 1699 559 1752 Quare
596 1697 796 1737 volumus
834 1703 876 1736 et
910 1695 1089 1736 firmiter
1126 1696 1426 1749 praecipimus,
1465 1709 1543 1747 pro
1580 1694 1705 1734 nobis
1739 1700 1782 1734 et
1816 1692 2048 1733 heredibus

327 1773 495 1821 nostris,
538 1772 655 1824 quod
699 1772 829 1811 iidem
875 1771 1130 1823 Burgenses,
1174 1776 1216 1810 et
1258 1783 1407 1809 eorum
1450 1769 1631 1809 heredes
1673 1782 1722 1808 ac
1764 1780 2046 1815 successores,

327 1848 649 1900 imperpetuum
688 1845 880 1884 habeant
917 1851 959 1885 et
996 1850 1175 1885 teneant
1209 1844 1478 1896 praedictam
1516 1842 1675 1891 villam,
1711 1856 1809 1882 cum
1844 1841 2049 1882 omnibus

326 1920 598 1962 libertatibus
616 1920 859 1973 praedictis,
878 1926 920 1960 et
943 1919 1074 1959 etiam
1099 1919 1419 1972 imperpetuum
1443 1918 1635 1958 habeant
1658 1924 1832 1958 returna
1853 1916 2049 1957 omnium

327 1996 522 2036 brevium
556 2001 802 2035 nostrorum
836 2000 879 2034 et
908 1994 1117 2033 heredum
1148 1999 1407 2040 nostrorum,
1431 1999 1521 2033 tam
1551 1993 1606 2032 de
1635 1989 2050 2032 summonitionibus

328 2069 540 2118 scaccarii,
564 2082 695 2122 quam
723 2068 906 2108 aliorum
934 2067 1129 2107 brevium
1159 2080 1546 2120 quorumcumque,
1569 2073 1612 2107 et
1641 2066 1773 2107 etiam
1803 2064 1978 2118 gaolam
2009 2063 2051 2102 in

329 2144 482 2184 eadem
516 2142 626 2191 villa,
665 2148 707 2182 et
745 2147 985 2182 mercatum
1020 2155 1096 2194 per
1133 2141 1299 2181 dictum
1333 2141 1449 2181 diem
1484 2140 1679 2190 Sabbati,
1712 2153 1810 2180 cum
1848 2137 2052 2179 omnibus

330 2217 601 2258 libertatibus
634 2222 677 2256 et
709 2216 853 2256 liberis
886 2215 1277 2256 consuetudinibus
1311 2215 1365 2255 ad
1399 2215 1650 2268 hujusmodi
1684 2220 1923 2254 mercatum
1959 2225 2053 2265 per-

330 2290 579 2339 tinentibus,
614 2290 821 2342 quodque
857 2289 992 2342 quieti
1030 2289 1117 2329 sint
1153 2289 1209 2329 de
1251 2289 1503 2342 hujusmodi
1545 2288 1756 2342 pontagio
1798 2302 1873 2341 per
1909 2293 2052 2328 totum

330 2378 511 2418 regnum
545 2370 588 2404 et
620 2370 885 2417 potestatem
909 2369 1116 2411 nostram,
1140 2363 1251 2403 sicut
1281 2363 1553 2416 praedictum
1583 2369 1657 2404 est.
1724 2363 1821 2403 Hiis
1845 2361 2055 2403 testibus:

330 2438 649 2480 venerabilibus
690 2437 887 2490 patribus
939 2437 1134 2477 Henrico
1178 2437 1402 2490 Episcopo
1445 2436 1741 2477 Lincolniensi
1785 2434 2056 2477 Cancellario

332 2519 490 2562 nostro,
513 2512 715 2566 Johanne
737 2511 1059 2564 Wyntoniensi,
1082 2517 1125 2551 et
1151 2511 1326 2563 Rogero
1350 2510 1635 2552 Coventrensi
1658 2516 1700 2550 et
1725 2508 2055 2557 Lichefeldensi,

335 2588 575 2642 Episcopis,
601 2587 804 2640 Johanne
827 2587 881 2626 de
912 2586 1091 2626 Eltham
1121 2585 1296 2627 Comite
1320 2585 1567 2627 Cornubiae
1589 2584 1719 2625 fratre
1748 2590 1898 2624 nostro
1927 2582 2055 2622 caris-

333 2663 454 2711 simo,
481 2662 656 2714 Rogero
678 2661 732 2700 de
762 2661 940 2700 Mortuo
971 2659 1083 2700 Mari
1112 2659 1285 2701 Comite
1316 2659 1549 2708 Marchiae,
1572 2658 1796 2699 W'illelmo
1818 2658 1872 2698 de
1903 2658 2058 2697 Monte

335 2736 493 2784 Acuto,
547 2735 750 2788 johanne
802 2735 1078 2774 Mautravers
1133 2733 1387 2776 Senescallo
1431 2733 1624 2786 Hospitii
1677 2732 1824 2781 nostri,
1867 2737 1909 2771 et
1951 2730 2054 2771 aliis.

340 2811 506 2851 Datum
540 2823 615 2862 per
648 2821 826 2848 manum
858 2814 1065 2857 nostram,
1096 2807 1213 2861 apud
1243 2806 1501 2856 VVodestok,
1531 2806 1672 2859 primo
1700 2805 1770 2846 die
1800 2804 1917 2853 Maii,
1941 2818 2057 2844 anno

337 2884 456 2937 regni
480 2883 615 2924 nostri
638 2888 802 2935 quarto.
1274 2881 1353 2921 Per
1375 2880 1518 2933 ipsum
1545 2881 1712 2933 Regem
1735 2885 1778 2920 et
1802 2878 2056 2921 Concilium.

1934 2953 2057 3002 4161.

505 3103 822 3145 LV.—Letters
843 3102 1004 3142 Patent
1024 3101 1263 3154 regardz'ng
1280 3100 1347 3140 tlte
1366 3100 1533 3140 electz'on
1555 3101 1610 3152 of
1621 3100 1687 3140 tlte
1707 3099 1831 3140 Baz‘lz'
1863 3114 1892 3140 5.

1050 3186 1167 3226 1330,
1191 3175 1300 3227 May
1324 3185 1357 3225 3.

428 3252 724 3299 EDWARDUS,
764 3248 846 3289 Dei
889 3248 1051 3297 Gratia,
1096 3248 1195 3288 Rex
1233 3247 1434 3300 Angliae‚
1475 3247 1692 3287 Dominus
1738 3246 1976 3288 Hiberniae
2017 3253 2060 3287 et

878 3340 885 3353 ¹
913 3336 964 3369 Cf.
986 3337 1124 3368 Charter
1141 3336 1177 3367 of
1191 3337 1307 3377 Henry
1325 3336 1385 3374 ΙΙ.,
1407 3336 1470 3367 No.
1490 3336 1515 3367 1.
