2198 3845
296 423 378 463 324
560 422 779 454 RECORDS
811 423 871 454 OF
904 423 1003 453 THE
1037 421 1273 454 BOROUGH
1306 420 1366 452 OF
1402 420 1750 452 NOTTINGHAM.
1885 411 2016 463 [1396

296 544 433 584 Marci
468 544 800 597 Ewangelistae,
832 544 902 584 die
933 550 976 584 et
1007 556 1123 583 anno
1154 541 1443 595 supradictiS,1
1476 542 1518 581 in
1553 541 1667 582 Foro
1700 541 1884 584 Sabbati
1916 547 2018 583 ante

295 617 447 657 horam
480 618 685 667 debitam,
716 624 758 658 et
789 624 941 657 contra
971 615 1361 669 proclamationem
1395 615 1574 668 Majoris
1600 615 1728 655 villae
1759 615 2017 668 praedictae,

296 696 339 731 et
361 697 561 732 emerunt
583 697 625 731 et
648 691 1026 731 forestallaverunt
1048 696 1091 730 et
1114 689 1468 742 ingarniaverunt
1489 689 1544 729 de
1565 688 1745 729 diversis
1767 688 2018 729 hominibus

296 763 458 804 ibidem
502 765 543 804 in
588 765 702 804 Foro
743 763 967 816 praedicto
1008 762 1300 803 existentibus
1342 762 1415 815 xij.
1458 762 1677 815 quarteria
1717 761 1933 811 frumenti,
1975 762 2017 802 in

298 851 507 890 magnum
532 837 846 890 praejudicium
865 837 992 877 villae
1014 836 1263 889 praedictae
1285 842 1327 876 et
1349 836 1482 876 totius
1505 835 1833 876 communitatis
1856 835 2017 876 ibidem

297 911 352 951 ad
378 911 538 951 Forum
562 911 833 964 praedictum
864 910 1088 959 venientis,
1117 909 1329 959 videlicet,
1359 909 1413 950 ad
1443 922 1575 949 unam
1598 909 1779 950 domum
1810 909 2020 962 Magotae

300 984 430 1033 Balle‚
454 985 508 1024 de
530 984 632 1024 villa
660 984 894 1037 praedicta,
924 991 966 1024 et
995 984 1055 1024 sic
1085 989 1239 1036 postea
1267 982 1446 1036 quidam
1478 982 1614 1035 Hugo
1642 982 1697 1023 de
1725 982 2019 1035 Wymondes-

298 1057 405 1098 lawe
440 1058 559 1098 venit
595 1058 637 1098 in
676 1059 831 1099 eodem
868 1057 939 1098 die
975 1057 1210 1110 praedicto,
1247 1057 1289 1097 in
1329 1057 1442 1098 Foro
1485 1057 1669 1099 Sabbati
1706 1056 1941 1110 praedicto,
1977 1062 2021 1097 et

298 1130 464 1171 audivit
497 1131 552 1171 de
585 1131 661 1172 tali
696 1130 1049 1185 forstall[atione]
1084 1130 1199 1172 facta
1232 1144 1308 1184 per
1341 1131 1586 1184 praedictos
1620 1130 1944 1180 forstallatores,
1978 1136 2022 1171 et

298 1204 412 1245 dixit
450 1204 618 1245 Ballivo
653 1205 834 1258 Majoris
866 1205 994 1245 villae
1030 1205 1289 1258 praedictae,
1324 1211 1366 1245 et
1403 1211 1506 1245 tunc
1543 1204 1791 1258 praedictus
1829 1203 2021 1245 Ballivus

299 1278 375 1318 ivit
398 1278 452 1319 ad
476 1278 745 1331 praedictam
768 1279 949 1319 domum
977 1278 1049 1319 ubi
1079 1278 1351 1331 praedictum
1382 1277 1648 1319 frumentum
1677 1277 1805 1319 fuerit
1833 1277 2021 1331 ingarni-

299 1358 432 1401 atum,
469 1358 512 1393 et
553 1352 610 1393 ibi
652 1352 875 1405 praedicta
912 1352 985 1405 xij.
1024 1353 1243 1405 quarteria
1283 1352 1520 1401 arrestavit,
1557 1365 1636 1405 pro
1677 1351 2023 1404 proclamatione

300 1425 533 1478 praedicta,
556 1426 610 1466 ad
641 1440 750 1479 opus
772 1426 900 1467 villae
929 1426 1188 1479 praedictae,
1218 1432 1295 1467 etc.
1360 1426 1418 1467 Et
1447 1426 1548 1466 inde
1577 1425 1787 1478 praedicti
1810 1431 2023 1466 venerunt

301 1506 464 1552 postea,
501 1499 571 1540 die
609 1500 843 1540 Dominica
880 1500 1084 1553 proxima
1120 1506 1222 1540 ante
1258 1499 1415 1540 festum
1455 1498 1642 1552 Philippi
1679 1504 1722 1539 et
1757 1498 1944 1552 Jacobi,2
1979 1498 2021 1538 in

302 1573 537 1614 Communi
569 1573 688 1614 Aula
719 1574 835 1626 apud
870 1574 1157 1626 Notingham,
1189 1586 1335 1613 coram
1370 1572 1538 1625 Majore
1571 1579 1613 1613 et
1647 1571 1823 1612 Ballivis
1855 1578 1898 1612 et
1929 1571 2023 1612 aliis

300 1645 657 1699 fidedignioribus
686 1647 813 1688 villae
841 1647 1101 1700 praedictae,
1131 1647 1172 1686 in
1203 1646 1387 1699 propriis
1416 1645 1622 1698 personis,
1654 1651 1697 1686 et
1729 1645 2023 1685 submiserunt

300 1734 345 1761 se
367 1721 409 1760 in
434 1721 773 1761 misericordiam
804 1721 985 1774 Majoris
1015 1727 1058 1762 et
1087 1721 1220 1761 totius
1252 1719 1592 1762 Communitatis
1614 1717 1742 1759 villae
1763 1718 2022 1771 praedictae,

300 1800 343 1835 et
371 1795 428 1835 ob
457 1795 742 1836 reverentiam
778 1795 958 1836 Roberti
989 1795 1167 1847 Jerman
1201 1801 1244 1834 et
1266 1794 1473 1834 W'illelmi
1508 1793 1654 1834 Leche
1685 1799 1728 1834 et
1759 1792 1954 1841 aliorum,
1980 1798 2024 1832 et

301 1868 432 1908 etiam
456 1868 678 1910 solverunt
699 1882 778 1922 pro
801 1868 1095 1909 misericordia
1117 1867 1197 1920 xjs.
1223 1867 1336 1920 viijd.
1732 1877 1852 1917 3942,
1876 1879 1931 1906 ro.
1962 1865 2022 1906 1d.

426 2259 842 2311 CLX11.—Csmrgy
863 2260 918 2310 of
929 2260 1113 2299 Assanlt
1132 2260 1296 2312 during
1313 2274 1339 2299 a
1362 2259 1587 2299 Distraz‘lzt
1596 2259 1677 2310 for
1695 2258 1817 2306 Rem,
1841 2264 1907 2297 etc.

973 2351 1088 2400 1396,
1113 2350 1306 2391 October
1327 2362 1363 2400 4.

390 2454 585 2495 Thomas
621 2456 730 2505 Fox,
765 2456 964 2509 drapour,
998 2456 1191 2509 queritur
1224 2456 1278 2496 de
1313 2455 1516 2508 Johanne
1551 2454 1740 2508 Fyssher
1773 2454 1828 2495 de
1864 2454 2027 2507 placito

302 2529 657 2581 transgressionis
699 2536 742 2570 et
779 2530 1070 2578 rescussionis,
1107 2530 1162 2569 de
1203 2543 1255 2570 eo
1291 2529 1408 2582 quod
1446 2529 1519 2569 ubi
1557 2529 1673 2569 idem
1711 2527 1919 2578 Thomas,
1956 2528 2027 2568 die

305 2602 488 2644 Sabbati
529 2603 734 2655 proxima
774 2609 874 2656 post
915 2602 1073 2643 festum
1121 2602 1272 2645 Sancti
1320 2601 1547 2642 Michaelis
1588 2601 1868 2655 Archangeli,
1910 2614 2027 2641 anno

304 2676 424 2728 regni
456 2676 589 2728 Regis
620 2676 795 2716 Ricardi
828 2676 1018 2718 Secundi
1042 2675 1162 2725 xx0,3
1183 2676 1238 2716 ad
1261 2675 1442 2716 domum
1471 2675 1681 2728 praedicti
1709 2675 1934 2728 Johannis,
1957 2675 2026 2715 hic

307 2749 423 2800 apud
457 2749 742 2801 Notingham‚
775 2749 893 2790 venit
924 2763 1003 2802 pro
1034 2749 1206 2790 redditu
1240 2762 1319 2789 suo
1350 2750 1405 2789 de
1437 2749 1556 2790 dicto
1588 2749 1791 2802 Johanne
1824 2748 2026 2802 petendo,

307 2822 466 2874 quam4
506 2823 686 2863 domum
729 2823 845 2863 idem
886 2823 1111 2876 Johannes
1152 2823 1207 2863 de
1247 2823 1366 2863 dicto
1408 2822 1582 2863 Thoma
1622 2829 1753 2873 tenet,
1786 2829 1828 2863 et
1859 2822 2025 2862 dictum

307 2895 526 2936 redditum
568 2896 728 2937 habere
767 2896 985 2946 voluisset,
1027 2896 1143 2937 idem
1191 2896 1415 2949 Johannes
1457 2896 1512 2936 ad
1553 2896 1717 2937 dictam
1759 2896 1940 2936 domurn
1982 2895 2025 2935 in

307 2968 472 3009 dictum
502 2968 723 3009 Thomam
753 2969 961 3011 insultum
992 2970 1103 3019 fecit,
1136 2975 1179 3010 et
1212 2970 1253 3010 vi
1287 2975 1330 3010 et
1363 2969 1493 3010 armis
1527 2983 1626 3010 cum
1659 2983 1759 3010 arcu
1792 2975 1835 3010 et
1866 2968 2028 3022 sagitta

307 3041 471 3082 dictum
506 3042 726 3082 Thomam
761 3043 923 3083 ibidem
957 3043 1167 3083 occidisse
1200 3043 1418 3092 voluisset,
1440 3050 1483 3084 et
1516 3043 1682 3084 dictum
1717 3042 1938 3083 Thomam
1972 3042 2027 3083 de

307 3114 576 3155 districtione
616 3129 695 3168 pro
736 3116 907 3156 redditu
949 3130 1028 3156 suo
1069 3130 1311 3157 rescussum
1354 3116 1465 3166 fecit,
1507 3117 1623 3157 unde
1671 3117 1788 3157 idem
1830 3116 2026 3157 Thomas

306 3187 592 3229 deterioratus
625 3195 701 3238 est,
730 3195 773 3230 et
801 3190 996 3242 dampna
1029 3189 1162 3231 habet
1195 3191 1250 3231 ad
1284 3189 1520 3230 valentiam
1554 3204 1666 3240 xxs.‚
1689 3190 1792 3231 inde
1825 3190 2026 3243 producit

480 3304 488 3317 ¹
515 3301 686 3341 Saturday,
706 3301 799 3342 April
819 3311 868 3340 22,
893 3302 983 3342 1396.
1256 3307 1268 3326 3
1293 3303 1463 3344 Satilrday,
1483 3304 1678 3344 September
1694 3312 1745 3343 30,
1769 3303 1859 3343 1396.

480 3357 492 3370 ²
517 3354 661 3395 Sunday,
681 3355 775 3396 April
793 3364 843 3395 30,
868 3356 957 3395 1396.
1257 3359 1268 3377 ⁴
1291 3357 1418 3396 quam,]
1438 3356 1571 3397 ‘quod,’
1588 3357 1660 3391 MS.
