2198 3845
274 384 325 434 56
536 393 755 427 REcoRDs
788 395 848 426 OF
882 394 981 426 THE
1015 396 1250 429 BoRoUGH
1283 396 1343 429 OF
1378 397 1725 430 NOTTINGHAM.
1864 387 1996 441 [1284

271 514 409 568 burgo
441 515 665 568 praedicto
698 516 835 566 fuerit,
867 517 934 558 vel
967 517 1060 571 ejus
1093 517 1294 568 serviens,
1328 518 1473 573 aliqua
1505 519 1755 573 hujusmodi
1790 518 1997 559 animalia

271 602 345 629 seu
379 590 522 631 averia
551 591 786 644 praedicta,
810 591 894 632 alia
926 605 1058 645 quam
1092 605 1170 632 sua
1201 592 1386 646 propria,
1410 593 1452 632 in
1486 593 1745 646 deceptione
1774 592 1995 642 theolonii,

272 665 539 716 asportando
573 679 649 719 per
689 679 744 716 se,
788 665 855 706 vel
893 679 991 706 cum
1031 666 1184 706 averiis
1218 666 1305 706 suis
1347 667 1542 720 propriis,
1585 673 1713 708 extra
1747 666 1996 707 libertatem

270 739 539 790 praedictam
570 739 720 793 fugare
750 740 1100 794 praesumpserit,
1124 747 1167 781 et
1189 741 1244 781 de
1272 740 1354 781 hoc
1384 740 1568 782 fideliter
1597 741 1794 782 convinci
1825 740 1996 794 poterit,

271 818 374 853 tunc
407 814 529 855 dabit
563 815 678 855 idem
714 821 1006 868 transgressor
1040 815 1149 856 duos
1184 815 1347 856 solidos
1378 814 1469 869 [de]
1503 816 1797 856 misericordia
1829 814 1998 856 ballivis

271 886 427 939 quibus
465 887 526 928 ita
566 894 860 941 transgressus
899 896 973 938 est,
1009 903 1087 942 pro
1121 889 1466 943 transgressione
1503 890 1737 943 praedicta,
1771 896 1814 930 et
1848 889 1998 929 nichil—

271 960 443 1002 ominus
485 963 709 1015 praedicta
750 962 894 1003 averia
935 977 1009 1003 seu
1059 964 1267 1004 animalia
1317 970 1561 1005 arestentur
1601 977 1829 1017 quousque
1871 963 1998 1004 dictis

271 1034 440 1076 ballivis
463 1036 517 1076 de
540 1036 763 1077 theolonio
786 1043 828 1078 et
852 1038 1196 1090 transgressione
1213 1036 1486 1078 satisfactum
1511 1037 1638 1078 fuerit
1667 1043 1995 1090 competenter;

271 1115 314 1149 et
346 1109 379 1149 si
413 1109 568 1163 aliquis
601 1111 790 1151 serviens
824 1111 1072 1164 praedictus
1104 1112 1158 1152 de
1193 1111 1483 1165 hujus[modi]
1517 1112 1862 1165 transgressione
1894 1124 1996 1152 con-

271 1183 420 1233 victus,
457 1185 600 1225 minus
637 1184 855 1226 sufficiens
892 1185 1094 1226 inventus
1130 1184 1256 1226 fuerit
1294 1186 1348 1226 ad
1386 1186 1526 1226 dictos
1564 1186 1674 1227 duos
1711 1185 1874 1226 solidos
1911 1185 1994 1226 sol-

275 1259 449 1307 vendos,
485 1265 587 1299 tunc
629 1259 834 1300 dominus
876 1273 978 1300 suus
1020 1260 1075 1300 de
1112 1259 1238 1300 dictis
1276 1259 1350 1313 ijs,
1389 1259 1429 1299 in
1466 1266 1679 1313 quantum
1716 1273 1880 1300 merces
1922 1273 2001 1300 sua

274 1333 486 1382 extendit,
526 1347 603 1386 pro
641 1333 758 1386 ipso1
797 1333 924 1374 dictis
957 1333 1126 1374 ballivis
1160 1334 1434 1387 respondeat,
1468 1340 1511 1375 et
1553 1334 1684 1375 ctiam
1728 1334 1870 1387 ipsum
1914 1347 1999 1375 ser-

270 1405 459 1447 vientem
485 1421 509 1447 a
535 1407 710 1448 servitio
740 1421 818 1448 suo
841 1408 945 1448 dum
978 1414 1125 1448 tamen
1155 1407 1318 1462 aliquid
1342 1408 1396 1449 de
1419 1407 1546 1449 dictis
1576 1407 1637 1461 ijs.
1669 1421 1695 1449 a
1727 1415 1841 1450 retro
1871 1407 1999 1449 fuerit

271 1487 483 1530 amoveat,
508 1495 585 1522 nec
610 1495 708 1522 cum
733 1481 817 1522 alio
846 1482 1094 1536 burgense2
1120 1483 1161 1523 in
1193 1482 1368 1523 servitio
1399 1488 1593 1523 moratur
1615 1496 1843 1536 quousque
1872 1482 2000 1524 dictis

270 1555 439 1596 ballivis
462 1556 516 1597 de
539 1556 657 1598 dicta
679 1556 835 1611 injuria
857 1557 1049 1611 plenarie
1073 1556 1199 1598 fuerit
1222 1555 1506 1607 satisfactum,
1531 1563 1574 1598 et
1596 1557 1630 1597 si
1661 1563 1826 1598 extunc
1849 1570 1996 1598 secum

271 1629 431 1670 habere
454 1631 649 1677 volucrit,
675 1632 738 1672 vel
765 1632 919 1685 aliquis
944 1632 1051 1672 alius
1078 1631 1360 1685 burgensium
1387 1631 1610 1685 utriusque
1634 1632 1760 1672 villae
1763 1665 1931 1671 .....
1937 1630 1953 1658 3

1718 1717 1843 1758 4770,
1869 1721 1905 1759 p.
1935 1707 1998 1746 62.

681 2125 1101 2168 XXVI.—Clmrter
1119 2126 1174 2177 of
1186 2126 1313 2179 King
1330 2126 1536 2167 Edward
1552 2126 1583 2166 l.

891 2234 1055 2283 1283-4,
1082 2233 1304 2285 February
1333 2244 1390 2272 12.

361 2367 501 2406 4REX
545 2364 891 2418 archiepiscopis,
933 2370 973 2404 ct
1011 2371 1152 2413 cetera,
1196 2364 1392 2405 salutem.
1477 2365 1588 2406 Cum
1634 2378 1722 2413 nos,
1766 2364 1822 2405 ob
1865 2371 2004 2405 certas

278 2439 644 2494 transgressiones
668 2453 775 2493 quas
800 2439 1045 2492 Burgenses
1068 2444 1110 2479 et
1135 2438 1441 2480 Communitas
1465 2437 1591 2477 villae
1618 2444 1792 2478 nostrae
1816 2438 2003 2491 Noting-

280 2516 395 2557 ham'
433 2514 624 2556 fecerant
666 2528 722 2554 ex
759 2512 917 2554 fiducia
958 2513 1208 2554 libertatum
1254 2526 1440 2560 suarum,
1483 2512 1669 2552 eandem
1711 2511 1870 2561 villam,
1905 2525 2003 2552 cum

278 2590 480 2631 omnibus
511 2588 783 2630 libertatibus
813 2588 867 2628 ad
898 2588 1037 2641 ipsam
1068 2587 1379 2640 spectantibus
1409 2586 1662 2639 ceperimuS‚
1693 2592 1735 2626 et
1767 2599 1844 2639 per
1874 2585 2003 2626 trien-

278 2665 398 2705 nium
429 2670 472 2705 et
498 2663 685 2716 amplius
707 2662 1022 2703 detinuerimus
1052 2662 1092 2701 in
1126 2675 1258 2701 manu
1289 2666 1448 2709 nostra,
1472 2660 1668 2701 volentes
1701 2660 1864 2701 eisdem
1899 2660 2004 2700 Bur-

278 2738 485 2792 gensibus
518 2744 560 2778 et
594 2736 913 2780 Communitati
947 2735 1132 2789 gratiam
1168 2734 1309 2775 facere
1345 2733 1590 2787 specialem,
1624 2734 1809 2774 eandem
1844 2733 2004 2783 villam,

279 2827 377 2854 curn
415 2812 619 2854 omnibus
656 2810 929 2851 libertatibus
959 2823 1067 2863 quas
1106 2810 1350 2862 Burgenses
1389 2814 1432 2849 et
1468 2807 1668 2848 homines
1706 2807 1841 2860 ipsius
1878 2807 2006 2848 villae

278 2901 355 2941 per
383 2893 524 2928 cartas
546 2884 874 2939 progenitorum
908 2890 1155 2924 nostrorum
1190 2896 1340 2936 regum
1374 2881 1566 2934 Angliae
1597 2881 1715 2934 prius
1747 2881 2004 2931 habuerunt,

279 2961 546 3002 restituimus
569 2959 734 2999 eisdem
754 2972 762 3008 ;
795 2958 1088 3006 concedendo,
1111 2970 1190 3010 pro
1212 2956 1338 2996 nobis
1367 2962 1410 2997 et
1439 2954 1671 2996 heredibus
1693 2955 1862 3005 nostris,
1887 2956 2004 3009 quod

279 3037 410 3077 iidem
436 3036 680 3088 Burgenses
710 3039 753 3074 et
783 3032 1089 3074 Communitas
1119 3030 1322 3072 omnibus
1352 3029 1516 3071 eisdem
1548 3029 1819 3070 libertatibus
1849 3030 2004 3070 eodem

346 3178 354 3192 ¹
380 3173 474 3216 ἴχνεα]
495 3171 617 3215 ‘ipsis,’
636 3172 709 3204 MS.
1275 3172 1287 3190 ⁴
1311 3169 1382 3200 The
1408 3167 1547 3210 original
1572 3168 1609 3199 of
1632 3167 1696 3199 this
1721 3168 1849 3200 charter
1874 3168 1901 3200 is
1929 3169 2001 3200 lost.

343 3232 356 3246 ²
379 3227 559 3269 hangema]
580 3225 728 3267 ‘burg0‚'
745 3225 818 3257 MS.
1211 3224 1282 3255 The
1305 3224 1410 3255 above
1434 3228 1502 3255 text
1526 3223 1553 3254 is
1576 3222 1706 3265 printed
1724 3223 1806 3255 frorn
1828 3223 1884 3256 the
1900 3225 2004 3255 enrol-

342 3289 354 3308 3
379 3286 454 3316 Part
472 3284 508 3315 of
528 3283 592 3315 this
614 3288 736 3314 extract
760 3282 785 3313 is
803 3280 957 3322 wanting,
977 3291 996 3312 a
1012 3280 1073 3312 few
1210 3283 1298 3309 ment
1318 3288 1405 3319 upon
1424 3278 1478 3309 the
1497 3278 1635 3309 Charter
1654 3276 1755 3309 Rolls.

260 3343 262 3345 ’
278 3349 377 3380 pages
393 3338 491 3379 being
508 3336 642 3377 missing
657 3336 736 3366 srom
756 3333 911 3365 Greaves'
928 3344 1053 3375 papers.
