2198 3845
298 386 376 436 184
556 395 775 428 RECORDS
807 396 868 428 OF
900 396 1000 427 THE
1032 396 1269 429 BOROUGH
1302 396 1363 428 OF
1397 396 1745 429 NOTTINGHAM.
1881 386 2008 440 [1365

289 516 471 558 sedebat
500 518 555 558 ad
585 518 824 567 tabernam,
849 518 888 558 vi
918 525 961 559 et
990 518 1121 559 armis
1154 519 1196 558 in
1229 518 1372 572 ipsum
1405 519 1626 559 Thomam
1659 518 1868 560 insultum
1901 517 2013 566 fecit,

290 597 333 631 et
366 591 508 644 ipsum
543 592 795 641 verberavit,
823 599 865 633 et
894 593 1130 645 quemdam
1166 592 1343 645 ciphum
1378 593 1556 645 plenum
1591 593 1793 633 servisiae
1828 592 1870 632 in
1905 591 2014 632 facie

289 665 382 718 ejus
421 665 614 719 jactavit,
652 667 706 707 ad
749 680 880 720 grave
922 667 1165 719 dampnum
1209 666 1343 719 ipsius
1386 666 1587 707 Thomae
1628 681 1740 716 xxs„
1778 673 1821 707 et
1863 673 2016 707 contra

289 753 455 792 pacem,
478 741 605 789 unde,
629 747 706 781 etc.
772 741 829 781 Et
858 741 1107 794 praedictus
1139 740 1353 781 Ricardus
1381 740 1511 790 venit,
1535 747 1578 781 et
1607 740 1814 790 defendit,
1837 746 1880 781 et
1909 739 2014 781 dicit

290 814 409 867 quod
433 827 519 855 non
543 821 608 856 est
630 814 868 868 culpabilis,
892 814 1286 868 etc.—-Culpabilis.
1352 814 1808 868 Dampna—obolum.

1698 898 1814 940 1273,
1837 902 1892 929 ro.
1925 889 2012 929 12d.

395 1004 780 1046 XCVIII.—l³lea
803 1005 954 1044 lnovcd
971 1005 1020 1056 by
1042 1005 1108 1044 tlce
1128 1005 1388 1056 Pinderfor
1405 1004 1569 1044 Breaclc
1590 1004 1645 1055 of
1656 1003 1722 1044 llce
1743 1004 1907 1044 Ponnd.

912 1096 1028 1146 1364,
1054 1095 1316 1148 September
1345 1097 1402 1135 18.

374 1184 599 1237 Johannes
637 1184 707 1224 del
744 1184 926 1237 XVyche,
961 1198 1156 1238 querens,
1199 1185 1359 1238 optulit
1400 1199 1446 1225 se
1487 1198 1634 1225 versus
1669 1184 1918 1238 Johannem
1961 1186 2016 1226 de

293 1257 609 1307 Hornecastell,
633 1257 954 1308 defendentem,
979 1259 1033 1299 de
1056 1259 1218 1311 placito
1241 1259 1596 1312 transgressionis
1619 1265 1662 1299 et
1684 1259 2015 1312 pontisfractus;

288 1338 331 1373 ct
363 1332 557 1385 queritur
592 1333 646 1372 de
683 1346 735 1372 co
767 1333 885 1385 quod
920 1333 992 1373 ubi
1028 1333 1143 1373 idem
1181 1333 1418 1386 Johannes,
1452 1340 1499 1373 ut
1533 1333 1724 1373 serviens
1758 1334 2014 1384 communis,

289 1406 636 1459 impignorasset,
660 1406 776 1459 apud
802 1406 1088 1460 Notingham,
1112 1407 1283 1448 diversa
1305 1407 1512 1448 animalia
1539 1407 1715 1448 inventa
1746 1407 1787 1447 in
1811 1408 2015 1461 dampnis

288 1480 557 1520 diversorum
600 1480 841 1530 hominum,
884 1481 954 1521 die
998 1481 1233 1522 Dominica
1274 1482 1480 1535 proxima
1521 1488 1623 1522 ante
1660 1481 1818 1522 festum
1863 1483 2015 1524 Sancti

289 1555 504 1595 Matthaei
536 1554 753 1608 Apostoli,
785 1569 900 1596 anno
935 1556 1055 1609 regni
1092 1557 1203 1609 regis
1237 1570 1352 1596 nunc
1382 1555 1610 1609 xxxviij0‚1
1642 1555 1757 1596 idem
1790 1556 2015 1609 Johannes

287 1629 343 1669 de
375 1629 680 1670 Hornecastell
710 1629 750 1670 vi
781 1636 824 1671 et
853 1630 983 1670 armis
1014 1630 1220 1671 animalia
1248 1631 1474 1684 praedicta
1496 1631 1621 1683 cepit,
1645 1637 1688 1671 et
1710 1636 1891 1683 pontem
1914 1630 2015 1671 inde

288 1702 426 1756 fregit,
459 1703 514 1743 ad
547 1717 678 1756 grave
710 1704 953 1757 dampnum
988 1704 1122 1757 ipsius
1149 1704 1364 1758 Johannis
1397 1705 1466 1745 del
1500 1704 1640 1745 Wich'
1675 1711 1851 1745 centum
1885 1705 2015 1746 solid-

287 1791 423 1827 orum,
459 1785 501 1818 et
537 1784 690 1818 contra
727 1792 890 1831 pacem.
957 1779 1013 1819 Et
1057 1779 1306 1832 praedictus
1346 1779 1571 1832 Johanncs
1609 1779 1663 1819 de
1708 1779 2014 1820 Hornecastell

287 1853 416 1902 venit,
439 1859 482 1893 et
511 1852 707 1894 defendit
737 1854 835 1902 vim,
860 1861 950 1903 etc,
974 1862 1016 1894 et
1047 1854 1151 1894 dicit
1174 1855 1291 1907 quod
1324 1868 1409 1894 non
1441 1861 1506 1894 est
1535 1853 1764 1907 culpabilis
1793 1854 1847 1894 de
1877 1860 2015 1895 trans-

287 1927 508 1980 gressione
531 1928 764 1980 praedicta,
788 1935 831 1968 et
854 1928 935 1968 hoc
959 1928 1050 1969 vult
1075 1927 1301 1969 verificare.
1698 1938 1813 1979 1273,
1837 1941 1893 1968 ro.
1925 1928 2013 1979 13d.

622 2176 1104 2217 XCIX—Emvlmcnt
1123 2177 1177 2227 of
1189 2176 1362 2216 Rclcczse
1385 2183 1424 2216 lo
1436 2175 1554 2229 Jolm
1580 2176 1684 2216 Scot.

992 2267 1108 2318 1365,
1131 2266 1235 2319 July
1260 2277 1321 2317 30.

373 2371 448 2412 Ad
491 2373 619 2413 istam
663 2373 840 2414 Curiam
885 2373 1064 2413 veniunt
1108 2373 1333 2425 Johannes
1377 2373 1494 2420 Scot,
1536 2371 1591 2412 de
1642 2370 1929 2425 Notingham,
1972 2378 2015 2413 et

288 2446 506 2488 Cristiana
542 2461 657 2487 uxor
692 2447 795 2500 ejus,
834 2454 876 2488 et
913 2453 1069 2500 petunt
1103 2447 1327 2500 quoddam
1363 2447 1572 2499 scriptum
1605 2445 1686 2486 sibi
1716 2445 1879 2487 factum
1912 2447 2014 2487 irro-

287 2520 415 2563 tulari
449 2521 529 2562 sub
563 2521 672 2575 [illo]
705 2521 778 2574 qui
813 2521 1008 2575 sequitur
1041 2528 1211 2562 tenore:
1248 2520 1490 2563 ‘Omnibus
1526 2519 1687 2562 Christi
1722 2518 1922 2561 fidelibus
1958 2521 2014 2561 ad

287 2607 396 2647 quos
438 2608 644 2648 praesens
682 2595 893 2648 scriptum
930 2596 1185 2649 pervenerit,
1223 2609 1306 2648 ego
1347 2594 1569 2635 XValterus
1611 2594 1665 2634 de
1713 2593 1928 2635 &Vhatton
1971 2601 2015 2636 et

289 2668 525 2709 Petronilla
557 2683 670 2710 uxor
705 2682 812 2719 mea,
847 2670 1033 2711 salutem
1071 2671 1114 2710 in
1154 2670 1358 2710 Domino.
1423 2668 1644 2709 Noveritis
1682 2682 1751 2708 me
1787 2668 2013 2719 remisisse,

287 2742 518 2793 relaxasse,
549 2749 592 2784 et
625 2744 806 2784 omnino
841 2744 1163 2797 imperpetuum
1194 2743 1390 2796 quietum
1421 2742 1643 2792 clamasse,
1668 2742 1860 2795 Johanni
1896 2743 2013 2793 Scot,

287 2817 342 2856 de
374 2816 660 2870 Notingham,
684 2824 726 2858 et
759 2817 1003 2860 Cristianae
1031 2818 1158 2859 uxori
1191 2818 1294 2871 ejus,
1317 2817 1549 2857 heredibus
1575 2822 1618 2857 et
1647 2816 1879 2870 assignatis
1909 2816 2014 2858 dicti

286 2890 511 2942 Johannis,
534 2897 676 2931 totum
705 2891 777 2945 jus
810 2899 1007 2933 nostrum
1041 2899 1084 2933 et
1116 2892 1333 2932 clameum
1363 2891 1482 2944 quod
1514 2890 1738 2939 habemus,
1768 2889 2013 2939 habuimus,

287 2977 362 3004 seu
395 2964 684 3017 quovismodo
716 2966 876 3006 habere
910 2967 1161 3020 poterimus,
1191 2967 1233 3006 in
1267 2966 1438 3006 duobus
1469 2964 1714 3018 mesuagiis,
1744 2977 1831 3004 una
1863 2963 2013 3017 shopa,

288 3044 475 3090 quatuor
517 3039 624 3078 acris
667 3045 816 3089 terrae,
858 3047 902 3081 et
943 3047 1131 3094 quatuor
1179 3041 1288 3081 acris
1336 3040 1460 3093 prati,
1502 3053 1601 3080 cum
1644 3038 1928 3092 pertinentiis,
1970 3038 2012 3078 in

289 3111 584 3164 Notingham:
616 3126 801 3165 quorum
832 3127 967 3154 unum
992 3115 1265 3168 mesuagium
1292 3114 1410 3167 jacet
1438 3127 1568 3166 super
1589 3113 1628 3153 le
1652 3113 1879 3161 Irnerowe,
1903 3112 2016 3153 inter

289 3185 562 3237 mesuagium
595 3185 770 3226 Ricardi
798 3187 852 3227 de
882 3188 1126 3241 Wilughby
1148 3202 1204 3228 ex
1234 3194 1358 3241 parte
1387 3200 1484 3236 una,
1507 3194 1551 3227 et
1580 3186 1853 3239 mesuagium
1876 3199 2014 3239 quon-

288 3259 390 3299 dam
425 3258 617 3301 Simonis
640 3259 694 3299 de
727 3259 931 3313 Hopwell
964 3275 1020 3301 ex
1051 3262 1187 3302 altera
1215 3268 1339 3315 parte
1350 3276 1359 3312 ;
1392 3268 1435 3302 et
1457 3261 1574 3301 aliud
1605 3260 1877 3313 mesuagium
1897 3259 2016 3313 jacet

866 3354 874 3367 ¹
901 3350 1046 3391 Sunday,
1067 3351 1262 3392 September
1282 3358 1330 3392 15,
1352 3350 1442 3391 1364.
