2198 3845
346 427 432 466 420
613 423 832 454 RECORDs
864 423 925 454 OF
957 423 1057 453 THE
1090 422 1325 454 BOROUGH
1358 421 1419 453 OF
1453 422 1800 454 NOTTINGHAM.
1935 413 2066 466 [1392

349 545 477 585 dictae
506 545 555 584 ab
575 543 738 594 antiquo
767 556 920 582 currere
949 543 1098 581 solebat
1126 555 1194 592 per
1220 542 1461 592 praedictam
1481 542 1612 580 villam
1634 544 1684 581 de
1705 543 1921 591 Adbolton,
1943 549 2001 582 set
2030 543 2071 582 id

349 628 527 665 expresse
556 621 811 664 cognoscunt,
834 613 901 662 qui
928 613 1089 662 quidem
1116 613 1226 650 locus
1256 611 1294 649 in
1323 625 1402 661 quo
1432 625 1567 650 cursus
1593 625 1718 662 aquae
1739 613 1789 651 de
1815 614 1938 651 Trent
1966 625 2073 662 prae-

349 686 477 724 dictae
509 685 657 723 solebat
688 695 840 721 currere
870 683 992 720 modo
1023 694 1091 731 per
1123 682 1314 728 zabulum,
1346 689 1498 729 terram,
1527 681 1664 720 salices
1695 689 1925 729 crescentes,
1958 682 2070 731 pilos,

349 762 387 794 et
429 768 497 804 per
538 754 728 803 impetum
772 764 897 801 aquae
940 751 1172 801 praedictae,
1213 758 1250 789 et
1296 751 1372 790 alio
1416 753 1548 799 modo,
1596 752 1635 789 in
1677 759 1830 790 tantum
1876 751 2070 802 impletur,

349 825 458 874 quod
485 825 613 861 nullus
642 834 777 860 cursus
806 833 931 870 aquae
961 820 1108 859 ibidem
1139 822 1260 859 modo
1290 821 1465 869 habetur,
1492 828 1549 860 set
1578 821 1748 860 totaliter
1776 821 1816 859 in
1845 822 2072 861 trencheam

348 894 589 944 praedictam
623 905 664 930 se
698 890 864 938 divertit,
895 897 932 929 et
965 890 1019 928 sic
1054 889 1259 929 manifeste
1293 890 1415 940 liquet
1447 891 1555 940 quod
1590 903 1708 929 naves
1743 898 1780 929 et
1814 891 1947 930 batelli
1981 904 2072 929 cum

348 961 612 1003 mercimoniis
641 968 679 1000 et
708 960 791 998 aliis
820 959 1063 1007 victualibus,
1086 967 1172 1007 ete.‚
1195 959 1234 998 in
1264 961 1352 998 loco
1384 959 1451 998 ubi
1480 960 1658 999 solebant
1688 960 1741 999 ire
1770 968 1836 999 aut
1867 961 1992 1000 redire
2021 962 2073 1000 ad

348 1033 478 1072 villam
499 1031 739 1082 praedictam
761 1036 973 1079 nequeunt,
996 1036 1110 1079 prout
1137 1030 1186 1068 ab
1207 1029 1369 1079 antiquo
1390 1038 1697 1079 consueverunt3
1728 1038 1766 1069 et
1787 1030 1905 1069 etiam
1926 1044 1973 1070 ex
1992 1044 2073 1081 quo

347 1109 591 1153 cognoscunt
625 1101 734 1150 quod
769 1099 841 1149 ipsi
875 1106 1009 1138 tenent
1043 1098 1233 1149 gurgitem
1268 1099 1524 1149 praedictum,
1556 1100 1623 1138 ubi
1658 1100 1857 1149 praedicta
1889 1113 1992 1150 aqua
2022 1101 2073 1139 de

348 1175 469 1211 Trent
490 1172 612 1210 modo
633 1169 802 1209 totaliter
821 1169 950 1216 currit,
972 1170 1148 1207 clausum
1170 1177 1207 1207 et
1229 1182 1306 1207 non
1329 1177 1519 1219 apertum,
1542 1170 1594 1208 ita
1615 1171 1723 1219 quod
1745 1183 1862 1209 naves
1883 1179 1921 1209 et
1941 1171 2073 1209 batelli

348 1243 469 1280 modo
500 1241 539 1278 in
570 1253 684 1278 cursu
718 1252 844 1288 aquae
878 1239 931 1277 ire
963 1246 1000 1277 et
1039 1239 1164 1277 redire
1196 1247 1397 1288 nequeunt
1437 1239 1712 1288 quovismodo,
1753 1248 1867 1289 prout
1905 1241 1956 1279 de
1987 1241 2073 1289 jure

347 1319 385 1349 et
424 1311 642 1349 secundum
681 1311 807 1358 legem
846 1310 973 1347 facere
1012 1309 1220 1356 deberent3
1268 1322 1368 1358 quae
1408 1309 1541 1347 omnia
1579 1317 1616 1347 et
1655 1309 1807 1360 singula
1845 1310 2068 1359 praedictus

348 1381 584 1419 Edmundus
616 1391 686 1428 pro
722 1377 898 1416 Domino
931 1380 1041 1427 Rege
1075 1386 1230 1427 paratus
1265 1387 1322 1417 est
1357 1378 1572 1417 verificare:
1608 1379 1703 1428 petit
1737 1379 1931 1428 judicium
1963 1381 2072 1429 quod

346 1463 483 1500 gurges
515 1448 737 1498 praedictus
768 1455 1037 1486 ammoveatur
1069 1455 1105 1486 et
1138 1455 1413 1497 prosternatur,
1442 1456 1512 1487 etc.
1576 1450 1626 1486 Et
1658 1449 1846 1498 praedicti
1879 1449 2072 1488 Ricardus

346 1528 383 1559 et
421 1521 605 1570 Johanna
642 1525 780 1568 petunt
816 1517 1022 1566 judicium,
1063 1518 1172 1567 quod
1217 1531 1263 1556 ex
1302 1531 1382 1567 quo
1420 1517 1582 1556 materia
1620 1518 1821 1568 praedicta
1859 1532 1927 1569 per
1966 1519 2071 1569 ipsos

347 1590 522 1640 superius
549 1590 712 1638 allegata
738 1586 934 1626 sufficiens
960 1594 1017 1625 est
1045 1587 1084 1624 in
1110 1588 1195 1637 lege
1221 1589 1271 1626 ad
1298 1588 1584 1626 adnullandum
1611 1588 1943 1637 praesentationes
1968 1602 2073 1638 prae-

346 1660 470 1698 dictas
500 1666 536 1697 et
569 1657 701 1697 omnia
732 1670 833 1707 quae
864 1670 911 1695 ex
942 1664 1050 1706 parte
1083 1656 1246 1695 Domini
1279 1656 1399 1707 Regis
1431 1657 1606 1707 superius
1637 1658 1863 1708 allegantur,
1894 1665 1932 1697 et
1963 1660 2072 1708 quod

346 1729 418 1779 ipsi
452 1729 543 1767 inde
578 1727 699 1778 quieti
734 1734 992 1765 exonerentur
1025 1739 1157 1765 versus
1198 1727 1417 1765 Dominum
1453 1728 1604 1777 Regem
1639 1728 1689 1766 de
1724 1727 1969 1777 impetitione
2004 1741 2072 1766 sua

346 1799 553 1848 praedicta.
615 1799 664 1835 Et
695 1796 916 1847 praedictus
944 1797 1183 1835 Edmundus
1211 1797 1423 1835 Brudenell
1453 1796 1547 1846 petit
1575 1797 1770 1846 judicium
1798 1810 1868 1847 pro
1896 1797 2072 1836 Domino

347 1871 468 1919 Rege,
490 1869 598 1918 quod
629 1881 675 1906 ex
695 1880 774 1916 quo
804 1866 966 1904 materia
996 1879 1063 1916 per
1092 1866 1313 1916 praedictos
1342 1866 1557 1904 Ricardum
1585 1874 1622 1905 et
1649 1867 1874 1916 Johannam
1896 1867 2072 1916 superius

346 1940 509 1989 allegata
529 1952 608 1977 non
636 1945 693 1976 est
721 1936 915 1975 sufficiens
942 1936 1145 1985 responsio
1174 1936 1211 1974 in
1233 1938 1316 1986 lege
1337 1944 1471 1974 contra
1500 1936 1832 1985 praesentationes
1854 1936 2072 1986 praedictas

346 2017 383 2048 et
404 2008 604 2047 materiam
626 2021 672 2046 ex
692 2015 799 2057 parte
822 2006 985 2045 Domini
1014 2006 1132 2056 Regis
1160 2019 1292 2044 versus
1319 2019 1386 2044 eos
1413 2007 1631 2056 allegatam,
1653 2014 1691 2044 et
1713 2007 1821 2055 quod
1848 2006 2071 2056 praedictus

345 2091 482 2129 gurges
503 2085 540 2116 et
562 2090 679 2116 omne
700 2084 986 2115 nocumentum
1015 2076 1260 2125 praedictum
1287 2084 1514 2115 amoveatur
1535 2083 1571 2114 et
1599 2076 1769 2115 totaliter
1790 2084 2067 2126 prosternatur.

348 2150 446 2187 Ideo
479 2147 771 2186 consideratum
806 2154 863 2185 est
898 2147 1007 2196 quod
1045 2159 1183 2196 gurges
1222 2146 1444 2195 praedictus
1479 2154 1516 2184 et
1551 2146 1684 2185 omnia
1718 2146 1793 2184 alia
1832 2154 2072 2185 nocumenta

347 2219 439 2257 inde
460 2224 752 2268 prosternentur
772 2224 809 2255 et
830 2224 1140 2263 ammoveantur,
1163 2215 1215 2253 ita
1236 2216 1345 2265 quod
1375 2229 1492 2254 naves
1513 2223 1549 2254 et
1571 2215 1704 2254 batelli
1725 2228 1816 2253 eum
1838 2215 2071 2254 victualibus

347 2296 384 2328 et
415 2289 499 2327 aliis
530 2286 794 2326 mercimoniis
825 2299 848 2324 a
878 2285 1077 2336 praedicta
1108 2298 1209 2334 aqua
1236 2286 1286 2323 de
1316 2285 1497 2323 Humbre
1528 2297 1653 2334 usque
1684 2285 1734 2322 ad
1764 2284 1911 2323 dietam
1940 2285 2071 2322 villam

347 2367 385 2398 et
425 2360 606 2398 Castrum
646 2357 910 2407 Notyngham’
949 2368 1017 2405 per
1061 2368 1218 2393 cursum
1263 2368 1388 2404 aquae
1433 2355 1483 2392 de
1523 2356 1645 2392 Trent
1684 2353 1906 2403 praedictae
1943 2353 1997 2392 ire
2034 2361 2071 2392 et

348 2430 473 2468 redire
500 2436 674 2479 possunt,
703 2435 773 2466 ete.
835 2428 884 2464 Et
913 2427 1142 2463 mandatum
1171 2432 1228 2463 est
1255 2423 1490 2463 Viceeomiti
1512 2423 1733 2463 Comitatus
1754 2422 1943 2472 praedicti
1963 2424 2073 2472 quod

348 2499 538 2550 gurgitem
559 2498 803 2548 praedictum
825 2504 861 2535 et
883 2495 1015 2535 omnia
1036 2495 1109 2533 alia
1131 2502 1369 2533 nocumenta
1396 2494 1487 2532 inde
1515 2493 1598 2531 sine
1620 2493 1807 2531 dilatione
1835 2497 2072 2542 prosternat¹

350 2577 387 2608 et
413 2576 646 2615 ammoveat,
669 2576 755 2615 etc.,
778 2567 830 2605 ita
857 2567 966 2616 quod
998 2578 1115 2603 naves
1148 2573 1184 2603 et
1212 2564 1343 2603 batelli
1373 2577 1463 2601 cum
1489 2563 1721 2601 victualibus
1754 2570 1792 2601 et
1823 2562 1907 2600 aliis
1938 2562 2074 2600 merci-

351 2639 492 2678 moniis
523 2652 546 2677 a
579 2638 777 2688 praedicta
811 2649 912 2686 aqua
943 2637 993 2674 de
1027 2635 1209 2673 Humbre
1240 2646 1364 2683 usque
1398 2634 1449 2671 ad
1478 2632 1625 2671 dictam
1656 2632 1787 2670 villam
1820 2639 1857 2670 et
1890 2633 2072 2671 Castrum

351 2723 418 2759 per
437 2722 593 2747 cursum
615 2720 739 2757 aquae
760 2708 810 2746 de
830 2708 951 2744 Trent
980 2705 1033 2744 ire
1054 2712 1090 2743 et
1118 2703 1242 2742 redire
1269 2702 1430 2753 possint,
1453 2709 1547 2740 eto:
1578 2709 1614 2740 et
1636 2701 1857 2750 praedictus
1879 2700 2074 2739 Ricardus

352 2780 391 2817 in
412 2778 688 2825 misericordia,
711 2784 782 2816 etc.
1910 2783 2009 2817 4421
2035 2771 2068 2808 b.

917 2916 925 2929 ¹
944 2911 1161 2953 prosternat,]
1182 2912 1189 2925 ‘
1202 2907 1411 2951 prosternet‚’
1429 2908 1501 2939 MS.
