2198 3845
348 423 433 473 416
619 431 839 462 RECORDS
872 430 932 461 OF
965 429 1065 460 THE
1097 428 1333 460 BOROUGH
1367 427 1427 459 OF
1461 427 1809 460 NOTTINGHAM.
1942 421 2071 474 [1392

349 551 658 602 quintodecimo,
681 565 749 602 per
777 552 887 601 quod
917 551 1013 589 nulli
1041 549 1173 588 batelli
1203 562 1276 587 nec
1305 548 1474 587 naviculi
1503 562 1595 588 curn
1625 549 1787 589 diversis
1817 551 2073 590 mercandisis

349 630 386 660 et
416 622 499 660 aliis
528 622 760 661 victualibus
789 623 839 660 ad
869 620 1109 671 praedictam
1138 619 1269 658 villam
1299 620 1349 657 de
1379 620 1634 670 Notyngham
1663 620 1795 659 venire
1823 628 2000 671 possunt,
2022 622 2073 660 ad

347 706 461 742 grave
492 699 775 731 nocumentum
808 691 926 730 totius
958 689 1094 740 populi
1126 689 1347 728 Comitatus
1381 689 1658 739 Notyngham'‚
1680 697 1717 728 et
1747 690 1911 728 aliorum
1943 690 2074 730 Comi-

348 770 500 801 tatuum
538 762 715 812 proximo
754 760 1028 810 adjacentium.
1105 760 1219 806 Item,
1259 765 1507 807 praesentant
1546 759 1655 807 quod
1695 758 1890 797 Ricardus
1930 761 2072 810 Byron,

348 832 528 879 chivaler,
559 831 623 870 die
654 833 789 869 Lunae
818 830 996 880 proximo
1027 836 1114 878 post
1145 830 1287 867 festum
1319 827 1605 866 Purificationis
1637 829 1781 867 Beatae
1813 829 1962 867 Mariae
1991 829 2075 868 Vir-

347 901 457 951 ginis,
488 914 592 939 anno
624 900 730 951 regni
762 900 881 950 Regis
914 898 1075 937 Ricardi
1110 897 1282 936 Secundi
1313 902 1449 945 sexto‚¹
1480 897 1703 948 obstupavit
1735 905 1884 937 rectum
1916 911 2074 937 cursum

348 984 473 1020 aquae
507 971 556 1009 de
588 972 708 1008 Trent
743 982 811 1019 per
844 970 942 1007 duas
971 969 1101 1007 leucas
1131 980 1252 1017 prope
1281 967 1412 1005 villam
1442 968 1492 1006 de
1524 968 1791 1018 Notyngham,
1822 969 2002 1018 plantans
2034 968 2074 1006 in

348 1053 490 1089 aquam
511 1038 752 1089 praedictam
772 1039 957 1087 willozcys
977 1044 1014 1076 et
1034 1038 1147 1075 osiers
1165 1044 1386 1076 crescentes
1407 1044 1443 1075 et
1465 1037 1696 1085 radicantes,
1719 1051 1764 1076 ac
1781 1037 1900 1076 etiam
1922 1051 2074 1088 ponens

348 1109 386 1146 in
422 1122 564 1158 aquam
599 1108 839 1158 praedictam
872 1108 971 1157 pilos
1000 1109 1050 1146 de
1080 1107 1304 1154 maeremio,
1333 1105 1572 1159 kidell[um],
1602 1120 1647 1145 ac
1679 1121 1840 1158 magnas
1872 1116 2012 1158 petras,
2035 1116 2073 1147 et

348 1179 401 1217 sic
436 1193 503 1229 per
536 1179 820 1228 plantationem
854 1178 1050 1217 dictorum
1084 1178 1268 1226 willan-ys
1302 1184 1338 1216 et
1372 1191 1493 1226 osyers
1524 1191 1570 1216 ac
1605 1177 1841 1227 positionem
1876 1178 2072 1217 dictorum

338 1250 446 1298 piles,
480 1247 661 1301 kidellffl,
697 1256 734 1287 et
768 1257 976 1298 petrarum,
1013 1255 1140 1286 rectus
1173 1261 1308 1286 cursus
1342 1260 1468 1297 aquae
1502 1248 1725 1298 praedictae
1760 1248 1982 1298 impeditur,
2018 1248 2072 1287 sic

347 1320 456 1368 quod
486 1319 580 1357 nulli
611 1319 742 1358 batelli
772 1332 901 1368 neque
931 1331 1060 1365 naves,
1092 1331 1114 1356 a
1143 1318 1207 1356 die
1237 1325 1274 1356 et
1305 1331 1410 1356 anno
1443 1318 1651 1368 praedictis
1678 1331 1746 1368 per
1776 1332 1919 1357 novem
1949 1331 2074 1358 annos

347 1397 440 1426 tunc
470 1388 648 1438 proximo
676 1397 885 1439 sequentes
912 1388 1060 1427 ibidem
1087 1389 1138 1426 ad
1167 1390 1349 1427 Castrum
1372 1388 1536 1426 Domini
1558 1389 1690 1439 Regis,
1713 1402 1842 1438 neque
1869 1389 1920 1427 ad
1940 1388 2073 1426 villam

348 1460 397 1497 de
418 1460 683 1509 Notyngham‚
706 1472 797 1497 cum
819 1458 980 1497 diversis
1007 1457 1261 1496 mercandisis
1283 1457 1436 1505 carcati,
1459 1457 1592 1507 aliquo
1614 1458 1736 1496 modo
1757 1457 2074 1507 appropinquare

347 1537 568 1578 potuerunt,
605 1542 677 1568 nec
715 1530 845 1567 adhuc
885 1536 1059 1578 possunt,
1096 1527 1195 1566 sicut
1234 1528 1284 1566 de
1320 1529 1405 1577 jure
1444 1527 1483 1565 in
1523 1527 1686 1577 antiquo
1725 1534 1902 1576 tempore
1936 1540 2075 1566 consu-

347 1607 518 1647 everunt,
542 1600 591 1637 ad
620 1612 734 1649 grave
764 1606 1049 1637 nocumentum
1080 1597 1244 1636 Domini
1274 1597 1392 1647 Regis
1419 1604 1456 1636 et
1484 1596 1605 1635 totius
1633 1596 1940 1636 Communitatis
1961 1596 2074 1636 villae

347 1669 579 1718 praedictae,
601 1682 646 1706 ac
667 1676 835 1718 quatuor
857 1668 1127 1708 Comitatuum
1149 1680 1270 1717 prope
1291 1680 1434 1716 aquam
1456 1667 1697 1716 praedictam
1719 1667 1978 1706 existentium.

428 1740 491 1777 Ad
512 1752 608 1788 quas
636 1738 821 1785 Octabas‚
844 1751 976 1776 coram
1005 1737 1182 1776 Domino
1210 1739 1332 1788 Rege,
1355 1738 1461 1787 apud
1489 1738 1756 1787 Notyngham,
1778 1737 1940 1776 veniunt
1968 1750 2074 1787 prae-

346 1809 441 1847 dicti
462 1809 656 1847 Ricardus
679 1810 807 1858 Byron
829 1816 866 1846 et
893 1808 1077 1857 Johanna
1104 1807 1142 1845 in
1164 1807 1327 1857 propriis
1356 1806 1533 1856 personis
1555 1806 1645 1854 suis,
1667 1806 1808 1845 virtute
1829 1806 1924 1845 dicti
1945 1807 2073 1846 brevis

347 1880 396 1917 de
418 1879 667 1927 Scl'refacias,
687 1879 796 1927 juxta
816 1876 1171 1927 praemunitionem
1193 1877 1247 1915 eis
1269 1877 1308 1914 in
1329 1877 1402 1915 hac
1423 1884 1530 1926 parte
1551 1878 1706 1924 factam,
1729 1884 1766 1915 et
1794 1877 1954 1915 allocuti
1983 1884 2072 1916 sunt

347 1948 512 1998 qualiter
532 1949 581 1986 de
602 1946 822 1997 praemissis
844 1946 916 1985 sibi
937 1946 1130 1996 impositis
1151 1959 1192 1985 se
1212 1947 1331 1985 velint
1359 1947 1582 1996 acquietare
1590 1962 1600 1995 3
1631 1947 1780 1994 dicunt,
1803 1949 2071 1996 protestando,

347 2018 454 2067 quod
476 2030 542 2066 per
558 2018 757 2067 quandam
779 2016 938 2055 assisam
960 2016 1204 2055 arrainiatam
1225 2030 1293 2067 per
1314 2017 1552 2055 Willelmum
1568 2018 1618 2056 de
1640 2017 1810 2067 Colwyk,
1829 2025 2071 2066 querentem,

346 2100 478 2126 versus
509 2101 633 2137 nuper
668 2089 862 2137 Majorem
895 2095 931 2125 et
966 2087 1305 2126 Communitatem
1339 2087 1452 2126 villae
1485 2088 1762 2138 Notyngham’,
1795 2100 1901 2126 anno
1932 2095 2072 2137 quarto

348 2158 529 2197 Edwardi
561 2158 628 2196 filii
660 2158 780 2208 Regis
813 2157 989 2205 Henrici,
1021 2166 1268 2207 compertum
1297 2158 1369 2197 fuit
1399 2159 1507 2208 quod
1537 2158 1619 2208 ipse
1649 2165 1686 2197 et
1715 2165 1982 2196 antecessores
2013 2158 2073 2196 sui

346 2229 565 2267 habuerunt
586 2228 859 2267 molendinum
880 2236 917 2266 et
937 2227 1128 2278 gurgitem
1149 2228 1371 2277 praedictos
1392 2235 1476 2267 toto
1504 2235 1682 2277 tempore
1691 2242 1702 2276 3
1731 2234 1779 2275 et,
1802 2228 2070 2276 protestando,

346 2298 482 2337 dicunt
503 2299 612 2348 quod
638 2306 815 2348 tempore
842 2297 962 2348 Regis
990 2297 1172 2335 Edwardi
1193 2297 1315 2336 Tertii
1346 2297 1570 2336 ordinatum
1590 2296 1661 2335 fuit
1688 2304 1724 2336 et
1753 2304 1941 2335 statutum
1962 2299 2072 2347 quod

347 2382 484 2407 omnes
514 2369 682 2419 gurgites
705 2367 775 2421 [et]
803 2368 1017 2407 levationes
1048 2375 1226 2417 tempore
1257 2367 1377 2418 Regis
1410 2366 1604 2414 Edwardi‚
1639 2366 1706 2404 filii
1739 2366 1858 2417 Regis
1892 2367 2070 2416 Henrici,

347 2446 490 2478 starent
511 2439 659 2489 absque
679 2438 965 2488 impedimento
974 2453 985 2487 3
1014 2445 1052 2477 et
1072 2437 1208 2476 dicunt
1230 2439 1339 2488 quod
1368 2437 1557 2488 praedicti
1587 2437 1781 2476 Ricardus
1810 2444 1847 2475 et
1874 2437 2069 2486 Johanna,

347 2516 384 2547 et
417 2516 682 2547 antecessores
716 2507 837 2558 ipsius
870 2508 1089 2558 Johannae‚
1124 2507 1244 2546 seisiti
1277 2509 1432 2547 fuerunt
1467 2509 1518 2546 de
1550 2507 1700 2558 gurgite
1731 2506 1945 2557 praedicto,
1979 2515 2016 2546 et
2048 2521 2071 2546 a

346 2587 523 2629 tempore
560 2580 671 2628 cujus
709 2578 946 2617 contrarium
985 2578 1175 2616 memoria
1209 2591 1289 2617 non
1328 2577 1454 2616 existit
1489 2577 1712 2627 praedictus
1750 2590 1887 2627 gurges
1921 2577 2070 2616 ibidem

347 2649 496 2698 positus
526 2648 615 2687 fuit:
645 2649 794 2698 absque
825 2649 912 2695 hoc,
941 2649 1050 2697 quod
1082 2647 1166 2698 ipsi,
1198 2661 1266 2687 seu
1298 2655 1564 2687 antecessores
1595 2647 1818 2698 praedictae
1849 2648 2069 2698 Johannae,

345 2719 535 2768 gurgitem
556 2718 666 2756 illum
685 2732 777 2757 cum
797 2718 1011 2766 arboribus,
1033 2718 1228 2768 lapidibus
1255 2726 1293 2757 et
1313 2718 1437 2768 lignis,
1459 2726 1526 2756 aut
1553 2717 1629 2756 alio
1656 2718 1778 2756 modo
1800 2730 2068 2767 quocumque,

347 2789 611 2838 elargaverunt
632 2801 699 2827 seu
720 2790 996 2835 exaltaverunt,
1019 2801 1227 2837 quousque
1254 2801 1378 2838 nuper
1403 2789 1606 2838 Johannes
1628 2788 1863 2835 Kentwode‚
1885 2787 2067 2835 chivaler,

347 2866 385 2895 et
414 2857 489 2905 alii,
520 2865 607 2905 etc.,
636 2858 777 2897 virtute
808 2858 933 2897 brevis
966 2858 1130 2896 Domini
1162 2858 1282 2908 Regis
1314 2857 1386 2896 sibi
1418 2857 1457 2895 in
1491 2858 1565 2896 hac
1600 2865 1708 2908 parte
1739 2857 1842 2905 facti,
1874 2856 2068 2908 gurgitem

345 2926 589 2976 praedictum
628 2935 869 2977 prosternere
908 2929 1093 2976 fecerunt,
1127 2935 1213 2975 etc,
1249 2936 1286 2966 et
1324 2935 1461 2977 postea
1498 2927 1720 2977 praedictus
1760 2926 1964 2974 RicarduS,
1997 2939 2068 2976 pro

345 3009 393 3035 eo
431 2997 539 3046 quod
577 3010 781 3046 processus
819 2999 944 3036 factus
981 2998 1123 3036 virtute
1161 2997 1374 3036 litterarum
1414 2997 1577 3036 Domini
1616 2997 1736 3048 Regis
1781 2997 2067 3047 praedictarum

346 3080 460 3116 super
488 3067 649 3105 materia
677 3067 885 3116 praedicta,
909 3067 948 3105 in
979 3067 1241 3106 Parliamento
1273 3066 1436 3106 Domini
1466 3066 1586 3117 Regis
1616 3066 1791 3105 erronius
1819 3065 2067 3115 adjudicatus

345 3135 499 3184 exstitit,
530 3144 617 3184 etc,
649 3137 839 3186 gurgitem
873 3137 1118 3187 praedictum
1152 3137 1293 3175 iterum
1327 3136 1479 3184 levavit,
1515 3144 1608 3175 etc.:
1651 3144 1687 3175 et
1722 3135 1882 3174 ulterius
1917 3135 2065 3182 dicunt,

345 3206 453 3254 quod
486 3206 588 3244 bene
618 3219 751 3245 verum
786 3214 842 3245 est
877 3208 986 3256 quod
1020 3207 1220 3257 praedicta
1249 3219 1353 3256 aqua
1386 3207 1436 3245 de
1471 3208 1593 3245 Trent
1629 3214 1685 3245 est
1720 3219 1800 3244 una
1837 3218 2066 3256 magnarum

919 3365 927 3378 ¹
954 3362 1110 3402 Monday,
1132 3362 1297 3401 February
1313 3370 1344 3399 9,
1367 3361 1493 3400 1382—3.
