2198 3845
286 403 360 441 162
544 410 764 441 RECORDS
796 409 856 440 OF
888 409 988 440 THE
1021 408 1256 440 BOROUGH
1289 407 1350 438 OF
1385 406 1731 438 NOTTINGHAM.
1869 394 2001 451 [1356

278 532 418 573 dictos
450 532 616 572 solvere
648 531 797 581 noluit,
830 537 895 571 set
927 530 1124 579 detinuit,
1154 535 1197 570 et
1229 529 1371 569 adhuc
1403 528 1581 578 detinet,
1614 528 1756 568 minus
1785 527 1912 580 juste,
1945 527 2000 567 ad

277 606 520 658 dampnum
559 606 693 658 ipsius
737 604 893 644 Prioris
931 609 1106 643 centum
1144 601 1394 651 solidorum,
1431 601 1549 641 unde
1585 601 1787 654 producit
1824 606 1999 640 sectam.

280 679 338 720 Et
379 679 628 732 praedictus
669 677 890 718 Walter-us
931 676 1060 725 venit,
1104 682 1147 716 et
1188 675 1293 716 dicit
1335 675 1453 728 quod
1504 674 1610 714 nihil
1659 674 1696 714 ei
1738 674 1880 723 debet,
1923 687 2001 714 nec

277 753 474 801 detinuit,
498 766 576 792 nec
609 751 799 800 tradidit,
822 757 870 791 ut
902 750 1018 790 idem
1051 763 1199 790 versus
1232 763 1331 789 eum
1364 749 1564 798 narravit,
1588 755 1631 789 et
1662 748 1745 789 hoc
1774 749 1866 789 vult
1894 749 2001 788 veri-

277 826 405 867 ficare
436 839 513 879 per
543 826 705 866 bonam
738 824 1086 878 inquisitionem;
1119 830 1162 864 et
1194 823 1442 877 praedictus
1476 823 1596 863 Prior
1624 823 1830 863 similiter.
1895 823 2002 862 Ideo

276 905 557 953 praeceptum
581 904 646 939 est
668 898 785 951 quod
813 903 1145 938 summoneatur
1174 897 1289 937 bona
1318 897 1541 950 inquisitio
1570 902 1722 937 contra
1751 897 2001 949 proximam

276 975 388 1015 inter
409 980 553 1026 partes
576 973 832 1026 praedictas.

362 1046 582 1088 VValterus
634 1045 673 1085 le
725 1045 1030 1097 Goldesmyth,
1072 1058 1269 1098 querens,
1321 1043 1479 1097 optulit
1530 1057 1575 1083 se
1616 1056 1764 1083 versus
1815 1044 2002 1094 Petrum,

277 1121 466 1162 Priorem
504 1121 559 1160 de
598 1120 794 1168 Lenton',
832 1119 886 1159 de
923 1118 1084 1171 placito
1121 1118 1277 1169 debiti;
1315 1124 1357 1158 et
1395 1118 1589 1171 queritur
1625 1118 1680 1158 de
1716 1131 1769 1158 eo
1805 1118 1923 1171 quod
1965 1118 2003 1159 ei

275 1195 435 1248 injuste
463 1194 631 1235 detinet
661 1192 839 1247 xxxvjs.
865 1192 1044 1245 argenti,
1068 1198 1110 1233 et
1142 1192 1241 1233 ideo
1273 1191 1433 1245 injuste
1461 1192 1591 1245 quod,
1614 1191 1687 1232 ubi
1720 1192 1837 1233 idern
1872 1192 2003 1242 Prior,

274 1270 345 1310 die
384 1269 537 1309 Lunae
573 1268 778 1321 proximo
811 1273 913 1307 ante
944 1266 1103 1307 festum
1144 1265 1461 1307 Purificationis
1500 1266 1663 1307 Beatae
1700 1266 1869 1306 Mariae
1903 1266 2003 1307 Vir-

275 1343 398 1396 ginis,
422 1356 537 1383 anno
570 1342 688 1395 regni
719 1341 831 1394 regis
863 1353 978 1380 nunc
1008 1340 1178 1389 xxixw,
1202 1340 1319 1393 apud
1350 1339 1637 1392 Notingham,
1660 1353 1737 1392 per
1764 1339 2002 1392 quemdam

277 1418 514 1466 Dawestes,
538 1429 664 1456 suum
688 1427 1037 1463 commonacum,
1062 1413 1315 1466 recognovit
1337 1426 1382 1453 se
1405 1414 1541 1454 teneri
1570 1413 1712 1453 eidem
1739 1413 1937 1454 Waltero
1960 1413 2003 1453 in

275 1491 508 1544 praedictis
550 1489 729 1542 xxxvjs.
773 1503 851 1542 pro
893 1488 1167 1541 reparatione
1208 1487 1437 1540 cujusdam
1479 1487 1570 1528 vasi
1612 1487 1667 1527 de
1708 1486 1910 1536 cristallo,
1948 1487 2003 1527 ad

276 1565 543 1618 portandum
573 1576 729 1616 corpus
760 1562 940 1602 Domini
973 1561 1123 1602 Nostri
1151 1561 1286 1614 Jhesu
1318 1561 1490 1610 Christi,
1514 1561 1732 1601 solvendis
1762 1561 1904 1601 eidem
1935 1561 2006 1602 die

279 1640 431 1679 Lunae
463 1639 505 1677 in
538 1637 679 1691 prima
712 1636 959 1689 septimana
993 1635 1368 1689 Quadragesimae
1402 1642 1506 1676 tunc
1540 1635 1745 1688 proxima
1783 1641 2004 1688 sequente,

276 1714 330 1753 ad
355 1726 484 1765 quem
516 1712 631 1752 diem
662 1711 778 1751 idem
810 1710 939 1758 Prior,
963 1709 1062 1750 licet
1091 1710 1263 1762 saepius
1294 1709 1535 1762 requisitus,
1558 1709 1663 1749 nihil
1694 1709 1731 1749 ei
1764 1709 1904 1758 solvit,
1928 1709 2004 1749 sed

277 1787 478 1827 denarios
510 1785 756 1839 praedictos
788 1783 986 1833 detinuit,
1009 1789 1052 1823 et
1084 1783 1226 1823 adhuc
1259 1783 1436 1833 detinet,
1461 1784 1604 1823 minus
1629 1783 1758 1836 juste,
1788 1783 1843 1823 ad
1873 1796 2006 1836 grave

276 1862 519 1914 dampnum
558 1859 691 1912 ipsius
728 1857 911 1898 XValteri
949 1870 980 1897 c.
1019 1856 1269 1906 solidorum,
1307 1857 1424 1897 unde
1464 1856 1666 1910 producit
1707 1863 1883 1897 sectam.
1948 1856 2006 1897 Et

277 1934 525 1988 praedictus
561 1932 690 1981 Prior,
724 1945 799 1984 per
833 1936 1103 1971 attornatum
1139 1944 1276 1980 suum,
1307 1931 1435 1980 venit,
1465 1937 1508 1971 et
1537 1931 1642 1971 dicit
1676 1931 1794 1984 quod
1829 1930 1935 1971 nihil
1968 1931 2005 1971 ei

278 2008 408 2048 debet
434 2013 481 2048 ut
511 2007 626 2047 idem
657 2019 805 2047 versus
834 2018 933 2045 eum
964 2005 1165 2054 narravit,
1189 2011 1231 2045 et
1260 2005 1342 2045 hoc
1372 2005 1464 2046 vult
1493 2004 1713 2045 verificare
1742 2019 1818 2058 per
1842 2005 2005 2046 bonam

279 2081 628 2134 inquisitionem;
673 2087 715 2121 et
752 2079 1000 2133 praedictus
1037 2079 1257 2120 XValterus
1294 2079 1500 2120 similiter.
1577 2079 1684 2120 Ideo
1720 2084 2005 2132 praeceptum

279 2162 344 2195 est
373 2155 490 2207 quod
525 2154 641 2194 bona
675 2153 898 2206 inquisitio
932 2152 1298 2206 [summoneatur]
1329 2159 1480 2194 contra
1509 2153 1759 2206 proximam
1790 2152 2006 2206 [Curiam]

281 2230 392 2270 inter
413 2235 559 2281 partes
583 2227 837 2281 praedictas.
1714 2228 1832 2277 1266,
1857 2241 1912 2267 ro.
1938 2227 2004 2278 7d.

344 2474 844 2515 LXXX111.-Release
865 2473 918 2524 of
931 2471 996 2512 {lle
1018 2472 1421 2524 ficknowleczgrment
1431 2473 1546 2525 pald
1563 2473 1612 2524 by
1633 2473 1699 2513 tlte
1720 2473 1951 2526 Bmgesses

704 2548 786 2598 for
809 2546 1007 2588 common
1029 2546 1083 2597 of
1094 2546 1280 2585 Pastum
1304 2545 1348 2585 2⁴72
1370 2545 1570 2597 Basfom'.

974 2646 1019 2686 13
1029 2636 1089 2686 56,
1113 2635 1239 2688 April
1267 2646 1327 2686 30.

373 2743 616 2786 1Omnibus
666 2742 825 2785 Christi
869 2741 1068 2782 fidelibus
1110 2741 1192 2782 hoc
1235 2755 1440 2794 praesens
1483 2742 1692 2795 scriptum
1741 2742 1893 2783 visuris
1943 2742 2009 2783 vel

286 2818 507 2867 audituris,
548 2817 766 2857 Robertus
807 2816 862 2856 de
905 2814 1102 2864 Cokfeld,
1145 2815 1279 2865 miles,
1316 2816 1502 2857 salutem
1544 2817 1586 2856 in
1629 2817 1833 2857 Domino.
1897 2817 2010 2858 Cum

288 2892 433 2945 Major
467 2898 509 2932 et
548 2892 792 2943 Burgenses
827 2889 956 2930 villae
993 2888 1339 2941 Notinghamiae
1376 2889 1505 2929 michi
1548 2895 1591 2930 et
1632 2889 1865 2930 heredibus
1903 2891 2011 2930 meis

286 2971 518 3007 teneantur
551 2965 593 3004 in
628 2965 821 3018 quodam
856 2977 1003 3004 annuo
1038 2963 1210 3003 redditu
1245 2976 1325 3002 sex
1359 2963 1597 3004 solidorum
1631 2971 1675 3005 et
1707 2971 1808 3005 octo
1841 2965 2010 3005 denari-

287 3053 422 3089 orum,
460 3053 535 3092 per
571 3039 778 3091 scriptum
816 3051 941 3078 suum
980 3036 1122 3089 sigillo
1159 3037 1382 3076 communi
1419 3037 1668 3090 sigillatum,
1702 3051 1782 3091 pro
1818 3038 2010 3091 quadarn

354 3183 363 3197 ¹
388 3179 496 3210 There
513 3189 567 3210 are
583 3182 648 3210 two
670 3178 780 3220 copies
801 3178 838 3210 of
857 3178 922 3210 this
945 3180 1079 3217 release,
1219 3185 1250 3212 et
1268 3176 1545 3211 Communitatein
1564 3177 1660 3208 villae
1674 3178 1768 3215 Not„
1784 3181 1814 3208 et
1830 3177 2011 3208 Robertum

287 3235 369 3267 both
385 3234 520 3275 bearing
537 3233 736 3265 Cockfield's
752 3235 829 3266 seal.
879 3235 943 3266 No.
960 3243 1043 3276 4405
1058 3235 1083 3267 is
1219 3234 1372 3270 Cokfeld,
1392 3243 1452 3274 pro
1476 3231 1631 3263 Baseford
1655 3232 1785 3272 Lyngez
1807 3236 1837 3261 et
1856 3230 2011 3261 Basesord

289 3290 448 3321 endorsed
467 3290 498 3320 in
515 3300 533 3320 a
549 3289 637 3320 hand
655 3290 691 3320 of
708 3290 807 3321 about
825 3289 880 3321 the
897 3290 960 3321 end
978 3291 1015 3321 of
1028 3291 1083 3322 the
1218 3287 1374 3319 Wodde.’

293 3344 368 3384 15th
385 3348 536 3384 century:
564 3346 571 3358 ⁴
586 3344 675 3375 Inter
693 3344 865 3385 Majorem,
886 3344 1080 3385 Burgenses,
