2198 3845
275 433 357 471 226
540 441 760 474 REcoRns
792 442 852 474 oF
885 442 985 473 THE
1018 440 1253 473 BOROUGH
1287 439 1347 471 oF
1382 438 1729 471 NOTTINGHAM.
1866 428 1995 481 [1383

273 563 491 605 caristiam
515 564 794 614 devenerunt,
818 571 860 604 et
884 564 1044 604 cotidie
1066 562 1315 611 deveniunt,
1340 561 1381 601 in
1404 561 1532 601 villae
1563 575 1611 601 ac
1641 560 1770 601 castri
1795 560 1999 613 Notyng-

273 638 387 678 ham'
417 643 459 678 et
492 638 625 678 totius
659 638 986 678 communitatis
1016 636 1266 690 praedictae
1298 635 1541 688 dampnum
1577 648 1664 675 non
1699 634 1921 675 modicum
1955 640 1998 674 et

273 725 508 765 gravamen
556 726 605 752 ac
647 712 971 764 depressionem
1016 709 1314 751 manifestam:
1362 723 1451 759 nos,
1495 709 1746 762 hujusmodi
1795 709 2000 762 dampna,

273 787 537 840 gravamina,
567 792 609 826 et
639 785 939 838 depressiones
972 785 1117 833 vitare,
1148 790 1189 824 et
1222 783 1444 824 communi
1475 783 1651 824 utilitati
1683 782 1831 836 populi
1865 782 2000 823 nostri

272 861 611 913 circumquaque
653 859 901 912 prospicere
943 859 1149 907 volentes,
1188 858 1311 898 vobis
1353 857 1557 898 omnibus
1600 863 1642 897 et
1685 856 1876 909 singulis,
1914 855 1999 896 dis—

273 934 439 974 trictius
463 948 549 987 quo
573 933 823 986 poterimus,
847 934 927 974 sub
951 932 1223 973 forisfactura
1245 931 1443 972 omnium
1466 945 1578 984 quae
1606 930 1730 971 nobis
1754 929 2001 970 forisfacere

273 1008 479 1061 poteritis,
503 1007 750 1047 inhibemus
773 1020 827 1047 ne
850 1007 1018 1060 aliquos
1040 1006 1259 1047 vitelarios
1282 1005 1486 1046 victualia
1509 1012 1551 1046 et
1575 1005 1681 1045 alias
1705 1004 2000 1044 mercandisas

274 1082 385 1122 inter
406 1081 544 1121 dictas
574 1080 697 1120 villas
720 1081 774 1121 de
800 1080 918 1120 Hull'
942 1087 984 1120 et
1016 1080 1305 1134 Notyngham
1336 1094 1411 1133 per
1441 1093 1600 1132 aquarn
1632 1079 1900 1132 praedictam
1925 1092 2000 1132 per

274 1161 439 1196 vestros
471 1154 691 1195 districtus
724 1154 765 1194 in
797 1154 979 1194 navibus
1009 1168 1083 1194 seu
1113 1154 1285 1195 batellis
1315 1155 1525 1195 ducentes
1559 1153 1818 1206 impediatis,
1845 1153 2000 1193 moles-

274 1230 384 1279 tetis,
427 1243 501 1269 seu
554 1229 700 1281 aliquo
753 1230 885 1269 modo
937 1242 1012 1282 per
1064 1227 1180 1278 fines,
1230 1227 1566 1280 redemptiones,
1618 1227 1757 1276 vadia,
1800 1227 1866 1266 vel
1919 1226 2003 1266 alia

275 1303 529 1356 gravamina
563 1309 714 1343 contra
745 1303 960 1355 justitiam
996 1302 1245 1355 inquietetis
1279 1302 1368 1342 ullo
1403 1302 1546 1349 modo,
1576 1308 1618 1342 ct
1648 1301 1729 1341 hoc
1767 1300 1847 1341 sub
1881 1299 2002 1340 foris-

276 1376 442 1417 factura
463 1377 686 1429 praedicta
710 1376 957 1417 nullatenus
980 1376 1204 1417 omittatis,
1270 1377 1320 1416 In
1352 1376 1474 1428 cujus
1505 1375 1561 1415 rei
1593 1375 1894 1416 testimonium
1924 1375 2003 1414 has

277 1451 440 1491 litteras
475 1458 646 1491 nostras
682 1450 769 1491 fieri
806 1451 986 1491 fecimus
1025 1457 1233 1504 patentes.
1298 1451 1431 1491 Teste
1468 1464 1536 1490 me
1575 1450 1669 1503 ipso
1706 1450 1823 1502 apud
1858 1449 2002 1489 West-

278 1525 601 1573 monasterium,
633 1540 672 1564 x.
705 1525 774 1565 die
806 1525 1079 1573 Novembris,
1103 1538 1219 1565 anno
1249 1524 1368 1576 regni
1400 1524 1534 1564 nostri
1564 1530 1702 1564 sexto.

1721 1596 2002 1636 Ncwenham.

1648 1672 1726 1710 Per
1750 1670 2002 1712 Consilium.

1878 1745 2000 1794 4418.

367 1862 781 1913 CXXIV—lewa!
801 1861 1078 1903 Commission
1102 1868 1140 1901 lo
1164 1861 1329 1913 inquiri*
1353 1861 1438 1900 iulo
1465 1860 1755 1902 Obslruclz'ons
1776 1860 1829 1911 of
1842 1859 1908 1899 the

774 1949 913 1975 course
934 1936 988 1987 of
1000 1935 1066 1975 tlze
1097 1935 1226 1975 Trem‘
1245 1941 1292 1974 af
1317 1934 1507 1976 Colft'icle.

911 2027 1026 2076 1383,
1052 2025 1303 2065 November
1332 2027 1388 2065 16.

370 2119 634 2166 RICARDUS‚
675 2118 755 2157 Dei
796 2117 957 2165 Gratia,
994 2117 1092 2157 Rex
1131 2116 1322 2169 Angliae
1359 2124 1400 2157 et
1445 2117 1664 2165 Franciae,
1702 2124 1744 2157 et
1788 2117 2006 2157 Dominus

286 2192 533 2237 Hiberniae,
564 2191 732 2231 dilectis
767 2198 809 2231 et
840 2190 1038 2231 fidelibus
1073 2191 1159 2230 suis
1191 2190 1381 2243 Johanni
1415 2191 1469 2231 de
1503 2191 1656 2243 Greye,
1680 2191 1734 2232 de
1765 2192 2004 2240 Codenore,

282 2265 505 2306 &Villelmo
547 2265 600 2304 de
644 2264 798 2313 Nevill,
840 2265 1091 2317 Justitiariis
1136 2265 1341 2305 Forestae
1393 2271 1567 2305 nostrae
1619 2265 1731 2305 ultra
1783 2267 2005 2315 Trentam,

285 2339 519 2393 Sampsoni
549 2340 603 2380 de
637 2338 861 2391 Stoelleye,
892 2338 1092 2379 Thomae
1125 2339 1259 2385 More,
1290 2339 1455 2387 clerico,
1489 2339 1684 2379 Roberto
1716 2340 1770 2379 de
1804 2340 2006 2389 Morton’,

287 2415 467 2467 Hugoni
491 2414 545 2453 de
569 2413 831 2466 Annesleye,
855 2413 1055 2453 Thomae
1077 2413 1131 2453 de
1162 2413 1425 2465 Merdeleye,
1449 2419 1491 2453 et
1514 2412 1737 2453 willelmo
1759 2414 1813 2453 de
1838 2414 2005 2467 Lught-

282 2489 433 2541 burgh,
456 2487 652 2528 salutem.
717 2487 874 2529 Sciatis
897 2488 1014 2540 quod
1048 2501 1145 2527 curn
1181 2500 1367 2539 magnac
1401 2487 1583 2539 ripariae
1615 2487 1656 2526 in
1691 2501 1825 2540 regno
1858 2495 2006 2528 nostro

282 2563 504 2615 praedicto
534 2576 612 2615 pro
641 2562 845 2614 passagio
875 2561 1051 2601 navium
1082 2567 1124 2601 et
1153 2561 1414 2601 batellorum
1438 2575 1536 2601 cum
1561 2561 1821 2602 victualibus
1844 2568 1886 2602 et
1910 2561 2004 2602 aliis

283 2637 574 2677 mercimoniis
597 2636 651 2676 de
673 2636 769 2675 loco
792 2636 846 2675 ad
871 2635 1013 2675 locum
1038 2649 1114 2688 per
1135 2635 1311 2675 easdem
1342 2635 1521 2688 riparias
1544 2636 1863 2676 transeuntium
1888 2649 2005 2676 com-

282 2724 434 2751 munes
467 2717 509 2751 et
541 2717 717 2763 apertae
749 2710 884 2750 teneri
911 2709 1112 2758 debeant,
1136 2722 1184 2749 ac
1214 2722 1329 2762 aqua
1350 2709 1405 2749 de
1434 2710 1582 2759 Trent,
1605 2723 1718 2762 quae
1746 2723 1834 2750 una
1855 2710 2004 2763 ripari-

283 2797 403 2824 arum
439 2784 759 2837 praedictarum
798 2783 959 2831 existit,
997 2783 1051 2822 de
1088 2782 1184 2823 loco
1226 2783 1299 2823 ubi
1341 2783 1552 2835 originem
1597 2783 1729 2824 sumit
1772 2797 1909 2836 usque
1950 2785 2004 2825 ad

283 2864 472 2898 castrum
525 2863 567 2897 et
614 2856 761 2897 villam
812 2856 1060 2896 carissimae
1108 2857 1321 2897 consortis
1370 2863 1545 2897 nostrae
1593 2857 1764 2907 Annae,
1810 2858 2006 2911 Reginae

284 2931 484 2985 Angliae,
507 2932 562 2971 de
595 2930 896 2983 Notyngham,
919 2936 962 2970 et
995 2930 1154 2971 abinde
1176 2930 1338 2971 directe
1370 2931 1424 2971 ad
1458 2944 1618 2984 aquam
1642 2932 1697 2972 de
1732 2932 1934 2973 Humbre
1963 2940 2006 2973 et

282 3005 460 3046 ulterius
494 3005 535 3044 in
571 3004 708 3044 altum
743 3017 871 3053 mare,
901 3017 1074 3044 cursum
1109 3018 1235 3045 suum
1271 3011 1418 3045 tenere
1452 3005 1611 3046 debeat
1646 3012 1688 3046 et
1722 3007 2004 3055 consueverit,

283 3093 358 3132 per
379 3092 510 3132 quam
535 3078 711 3131 quidem
742 3078 945 3130 ripariam
969 3079 1023 3118 de
1046 3078 1183 3119 Trent
1212 3092 1344 3118 naves
1374 3084 1416 3118 et
1439 3078 1587 3119 batelli
1617 3092 1714 3119 cum
1746 3079 2005 3120 victualibus

282 3160 325 3194 et
359 3153 451 3193 aliis
486 3152 777 3192 mercimoniis
807 3152 861 3191 ad
892 3152 1045 3192 eadem
1077 3158 1266 3192 castrum
1300 3159 1342 3192 et
1374 3152 1521 3192 villam
1551 3153 1733 3193 transire
1762 3160 1805 3193 et
1834 3153 2004 3202 abinde,

284 3227 448 3280 absque
489 3226 805 3279 impedimento
842 3225 998 3278 aliquo,
1037 3226 1174 3266 redire
1215 3226 1415 3267 solebant
1456 3227 1726 3280 temporibus
1769 3227 2004 3276 retroactis,

280 3302 459 3354 jamque
495 3314 552 3341 ex
589 3306 712 3352 parte
743 3300 886 3340 dictae
918 3300 1130 3340 consortis
1162 3307 1336 3340 nostrae
1370 3307 1412 3341 et
1449 3302 1598 3354 populi
1633 3302 1821 3354 partium
1860 3301 2005 3354 adjac-

283 3376 448 3417 entium
485 3374 610 3415 nobis
647 3374 702 3415 sit
738 3374 927 3427 graviter
967 3374 1276 3428 conquerendo
1319 3381 1622 3423 monstratum,
1660 3376 1777 3430 quod
1820 3388 1918 3416 cum
1962 3375 2003 3415 in
