2198 3845
357 409 437 450 302
624 408 843 441 RECORDS
875 409 935 441 OF
968 409 1068 440 THE
1102 408 1337 440 BOROUGH
1370 407 1430 439 or
1464 408 1811 440 NOTTINGHAM.
1948 399 2079 452 [1396

353 531 556 571 tractavit
593 530 820 571 dalabrum
859 545 985 571 suum
1023 530 1110 570 fere
1147 544 1172 570 a
1212 530 1371 583 vagina
1412 543 1559 570 versus
1601 530 1872 571 XVillelmum
1915 530 2078 584 Thorp‚

353 610 506 645 contra
548 618 702 657 pacem
742 605 921 645 Domini
963 605 1106 658 Regis,
1149 612 1238 653 etc„
1281 605 1398 645 unde
1440 604 1704 645 attachiatus
1746 611 1822 654 est,
1864 611 1941 645 etc.
2020 605 2079 646 Et

354 678 456 718 inde
493 678 608 718 idem
648 679 866 719 Robertus
904 679 1032 728 venit,
1071 684 1114 719 et
1150 678 1274 731 ponit
1311 691 1356 718 se
1391 678 1433 717 in
1468 678 1609 730 gratia
1647 677 1839 731 Majoris,
1877 684 1920 719 et
1951 677 2080 719 solvit

355 753 461 806 xijd.

439 826 663 879 Johannes
695 825 958 867 Schaldhott
980 832 1023 866 et
1049 825 1274 878 Johannes
1297 825 1352 865 de
1382 825 1563 874 Melton‚
1589 825 1817 865 Decenarii
1847 825 1902 865 de
1932 825 2078 878 Long-

355 913 476 949 rawe,
519 906 800 952 praesentant
852 913 985 940 unam
1038 898 1235 940 affraiarn
1277 899 1370 939 sine
1414 899 1626 952 sanguine
1667 913 1796 952 super
1841 899 2079 952 Hugonem

356 973 528 1026 Smyth,
577 987 655 1026 pro
704 987 755 1013 eo
803 974 920 1027 quod
974 974 1131 1026 Hugo1
1174 973 1421 1026 praedictus
1463 973 1578 1026 cepit
1619 980 1662 1014 et
1710 987 1880 1013 sursum
1923 973 2082 1014 levavit

355 1060 490 1087 unum
517 1047 684 1100 ploz'gllc
717 1047 862 1087 sellam
903 1048 958 1088 ad
1000 1047 1332 1100 percutiendum
1378 1047 1640 1087 Nicholaum
1683 1047 1888 1096 Allastre‚
1929 1053 2082 1088 contra

354 1133 508 1173 pacem
545 1120 724 1160 Domini
758 1121 901 1174 Regis,
931 1127 1021 1170 etc.,
1052 1122 1168 1162 unde
1197 1121 1461 1162 attachiatus
1491 1127 1566 1171 est,
1595 1127 1672 1162 etc.
1738 1121 1796 1161 Et
1830 1121 1931 1161 inde
1965 1121 2080 1161 idem

358 1194 493 1246 Hugo
526 1195 653 1244 venit,
687 1202 729 1235 et
762 1196 886 1248 ponit
917 1209 962 1235 56
995 1196 1036 1235 in
1070 1195 1210 1248 gratia
1243 1195 1435 1249 Majoris,
1469 1203 1511 1237 et
1546 1196 1674 1237 solvit
1703 1195 1786 1249 vjd.
1853 1195 2082 1248 Plegius—

355 1268 580 1322 Johannes
603 1269 658 1309 de
680 1268 919 1310 Willeford.

440 1342 665 1395 Johannes
701 1344 899 1384 Dauntre
936 1350 979 1384 et
1015 1343 1262 1384 willelmus
1300 1344 1407 1397 Gye,
1447 1344 1677 1384 Decenarii
1715 1344 1769 1384 de
1806 1342 1916 1383 Alto
1959 1343 2082 1383 Pavi-

357 1423 517 1466 mento,
566 1425 848 1470 praesentant
901 1432 1032 1459 unam
1085 1418 1282 1459 affraiam
1335 1419 1495 1460 factam
1548 1420 1641 1460 sine
1691 1419 1904 1472 sanguine
1955 1432 2084 1471 super

359 1491 581 1543 Rogerum
614 1492 773 1542 Doket,
800 1507 878 1546 pro
911 1507 963 1534 co
994 1494 1112 1546 quod
1146 1494 1393 1547 praedictus
1429 1494 1628 1547 Rogerus
1660 1493 1819 1534 levavit
1851 1506 1985 1533 unam
2018 1506 2082 1533 se-

357 1564 492 1604 curim
526 1565 580 1604 ad
611 1579 732 1606 arma
761 1580 908 1607 versus
941 1567 1163 1620 Rogerum
1187 1568 1241 1608 de
1272 1568 1514 1621 Sneynton‚
1538 1574 1689 1609 contra
1717 1581 1870 1621 pacem
1903 1567 2083 1608 Domini

360 1638 503 1690 Regis,
534 1644 623 1688 etc,
647 1640 763 1679 unde
797 1641 1060 1681 attachiatus
1095 1648 1170 1690 est,
1201 1648 1278 1682 etc.
1344 1643 1400 1682 Et
1436 1643 1537 1683 inde
1571 1643 1686 1682 idem
1724 1643 1922 1695 Rogerus
1952 1642 2082 1693 venit,

357 1718 399 1751 et
422 1711 546 1764 ponit
569 1726 614 1752 se
637 1713 678 1752 in
702 1714 843 1766 gratia
866 1714 1059 1767 Majoris,
1083 1722 1125 1756 et
1148 1715 1276 1756 solvit
1308 1749 1314 1756 .
1349 1749 1355 1756 .

443 1786 663 1826 walterus
701 1788 909 1838 Fletcher,
947 1789 1214 1830 Decenarius
1252 1790 1306 1830 dc
1342 1790 1628 1844 Mothalgate,
1663 1795 1914 1844 praesentat
1950 1802 2083 1830 unam

357 1858 554 1901 affraiam
585 1860 744 1902 factam
779 1863 872 1903 sine
905 1863 1118 1916 Sanguine
1152 1877 1280 1917 super
1310 1865 1459 1904 Maud'
1483 1878 1666 1904 uxorem
1700 1864 1915 1917 Johannis
1946 1863 2084 1917 Boyn,

357 1947 436 1986 pro
469 1948 521 1975 eo
554 1936 672 1988 quod
707 1937 956 1989 praedictus
992 1938 1139 1987 Maud,
1170 1951 1283 1977 uxor
1315 1937 1529 1991 Johannis
1565 1938 1786 1991 praedicti,
1817 1951 1874 1978 ex
1908 1937 2085 1990 propria

357 2007 583 2049 voluntate
612 2016 654 2050 et
684 2010 839 2063 injuria
868 2024 946 2050 sua
975 2011 1208 2064 prostravit
1237 2018 1280 2052 et
1306 2012 1547 2053 verberavit
1577 2011 1801 2065 Agnetem
1825 2012 1879 2052 de
1910 2012 2084 2053 Lenton

358 2095 456 2122 cum
487 2083 661 2135 pugillis
695 2085 793 2134 suis,
823 2091 975 2125 contra
1008 2098 1161 2138 pacem
1200 2086 1378 2126 Domini
1412 2086 1556 2139 Regis,
1586 2093 1676 2136 etc.,
1699 2087 1816 2127 unde
1845 2085 2086 2127 attachiata

358 2162 433 2205 est,
457 2163 534 2197 etc.
600 2158 657 2198 Et
681 2159 781 2198 inde
803 2159 957 2199 eadem
982 2160 1131 2199 Maud'
1155 2160 1287 2200 ducta
1310 2159 1389 2200 fuit
1419 2161 1473 2200 ad
1506 2160 1798 2201 Communem
1822 2159 1986 2200 Aulam
2010 2173 2087 2213 per

361 2230 576 2270 Ballivum
624 2232 816 2285 Majoris,
866 2240 908 2273 et
950 2232 1077 2286 fregit
1125 2233 1292 2274 clavem
1337 2235 1595 2275 Communis
1637 2234 1791 2284 Aulae,
1835 2241 1877 2275 et
1926 2234 2086 2274 abinde

359 2304 563 2346 alienavit
593 2306 685 2346 sine
715 2306 888 2347 licentia
920 2307 1101 2361 Majoris
1133 2314 1176 2348 et
1210 2307 1476 2348 Ballivorum
1507 2307 1634 2348 villae
1663 2308 1924 2361 praedictae,
1948 2314 2086 2349 etc.—

362 2379 652 2421 Condonatur
673 2381 775 2433 quia
797 2395 971 2434 pauper.

447 2453 667 2494 walterus
705 2455 914 2504 Fletcher,
951 2455 1218 2496 Decenarius
1253 2456 1307 2496 de
1342 2455 1630 2509 Mothalgate‚
1665 2462 1915 2509 praesentat
1953 2469 2084 2496 unam

361 2526 556 2567 affraiam
595 2529 687 2568 sine
723 2530 935 2582 sanguine
972 2544 1101 2583 super
1141 2530 1381 2570 Henricum
1422 2531 1586 2580 Panier,
1619 2544 1698 2584 pro
1729 2544 1781 2571 eo
1813 2530 1930 2583 quod
1964 2543 2086 2583 prae-

361 2602 502 2642 dictus
528 2603 744 2643 Henricus
768 2605 885 2645 venit
908 2605 949 2644 in
973 2611 1116 2644 ortum
1148 2604 1347 2644 Thomae
1370 2605 1424 2644 de
1454 2604 1718 2657 Mappurley
1740 2604 1781 2644 in
1812 2603 2085 2657 Notingham

362 2676 473 2717 inter
495 2677 772 2730 Mothalgate
793 2685 836 2719 et
862 2679 1141 2731 Hundegate‚
1165 2685 1207 2719 et
1237 2678 1294 2718 ibi
1325 2678 1507 2718 minavit
1536 2685 1579 2718 et
1608 2678 1850 2718 verberavit
1876 2691 1975 2718 cum
1999 2691 2087 2717 uno

363 2749 443 2790 mk
474 2751 611 2791 Maud
648 2751 799 2793 Couke
835 2766 934 2792 cum
969 2766 1057 2792 uno
1093 2752 1255 2802 occulo,
1285 2758 1328 2793 et
1359 2751 1487 2805 fregit
1518 2752 1742 2792 brachium
1775 2765 1913 2802 suum,
1937 2757 2088 2792 contra

363 2838 527 2877 pacem,
557 2832 647 2875 etc.,
680 2832 722 2866 et
755 2833 910 2879 postea
943 2826 1062 2879 fugit.
1128 2826 1186 2867 Et
1220 2832 1373 2879 postea
1406 2826 1535 2875 venit,
1559 2832 1601 2866 et
1634 2825 1758 2878 ponit
1792 2839 1837 2865 se
1871 2825 1914 2865 in
1947 2825 2089 2878 gratia

364 2898 556 2951 Majoris,
579 2906 622 2940 et
644 2899 773 2941 solvit
795 2900 879 2953 vjd.
1827 2910 1946 2950 3942,
1970 2913 2026 2940 ro.
2051 2910 2085 2939 2.

448 2972 672 3025 Johannes
693 2974 854 3026 Jolivet
877 2982 919 3014 et
940 2974 1166 3027 Johannes
1190 2973 1362 3026 Smyth‚
1388 2974 1617 3013 Decenarii
1641 2974 1696 3014 de
1726 2973 2086 3025 Netherpament‚

363 3052 644 3097 praesentant
685 3061 817 3087 unam
856 3047 1052 3087 affraiam
1091 3047 1252 3087 factam
1290 3047 1382 3086 sine
1418 3047 1630 3099 sanguine
1671 3061 1800 3100 super
1843 3047 2086 3087 Robertum

365 3118 501 3159 filium
527 3120 753 3160 Michaelis
778 3121 1008 3174 Brabayne
1030 3134 1177 3161 versus
1201 3120 1421 3160 Thomam
1448 3121 1612 3169 Brasse,
1635 3134 1714 3173 pro
1743 3134 1794 3160 eo
1816 3120 1934 3173 quod
1964 3133 2085 3172 prae-

365 3193 506 3232 dictus
532 3193 750 3233 Robertus
779 3195 894 3247 cepit
917 3208 1064 3234 arcum
1094 3207 1220 3234 suum
1251 3200 1293 3234 et
1323 3194 1364 3233 in
1395 3207 1447 3234 eo
1476 3194 1600 3246 ponit
1629 3207 1762 3234 unam
1791 3195 1999 3247 sagittam
2030 3194 2086 3234 ad

366 3267 675 3319 saggitandum
699 3268 970 3320 praedictum
995 3268 1226 3316 Thomam,
1250 3273 1402 3307 contra
1430 3281 1583 3320 pacem
1616 3268 1796 3308 Domini
1828 3268 1972 3321 Regis,
1996 3274 2086 3316 etc.‚

986 3359 996 3373 ¹
1022 3356 1147 3397 Hugffi]
1168 3358 1175 3371 ‘
1188 3355 1377 3395 Henricus,’
1395 3356 1468 3388 MS.
