2198 3845
339 438 425 478 414
605 435 826 468 RECORDS
857 435 918 467 OF
951 434 1051 466 THE
1084 433 1320 466 BOROUGH
1354 433 1414 465 OF
1449 433 1796 465 NOTTINGHAM.
1932 424 2061 477 [1392

340 563 468 595 totum
506 569 663 594 cursum
697 568 812 594 suum
846 555 1052 604 antiquum
1084 554 1254 593 totaliter
1286 554 1454 604 reliquit,
1490 554 1530 592 in
1560 555 1788 593 trencheam
1821 554 2064 604 praedictam

340 639 466 676 usque
499 626 773 665 molendinum
807 625 968 675 praefati
1002 624 1160 663 Ricardi
1200 626 1329 674 Byron
1364 624 1404 662 in
1436 624 1692 673 Overcolwyk
1723 623 1870 674 integre
1905 637 2067 663 concur-

340 697 462 735 rendo
472 711 480 744 3
515 704 551 734 et
584 696 693 745 quod
724 695 844 733 iidem
879 694 1095 732 Willelmus
1127 695 1176 732 de
1209 695 1372 744 Colwyk
1404 702 1442 732 et
1474 693 1669 732 Ricardus
1702 695 1833 744 Byron
1865 695 2065 743 quendam

339 766 529 817 gurgitem
551 766 589 803 in
617 766 801 804 trenchea
827 764 1026 813 praedicta
1052 763 1200 802 ibidem
1227 777 1319 801 cum
1339 764 1542 802 arboribus
1570 763 1847 811 crescentibus,
1869 763 2066 813 lapidibus

340 843 377 875 et
416 835 557 885 lingnis
595 834 691 882 fixis,
731 835 780 872 ab
819 846 898 871 uno
937 833 1049 872 litore
1088 834 1296 872 trencheae
1335 833 1560 883 praedictae
1599 846 1646 872 ex
1682 841 1901 872 transverso
1940 840 2066 872 totam

339 906 564 944 trencheam
603 905 709 942 illam
748 916 872 952 usque
905 903 1179 941 molendinum
1213 903 1459 953 praedictum
1489 917 1537 943 ex
1567 905 1687 942 altera
1718 911 1826 953 parte
1858 904 2067 942 trencheae

339 977 572 1027 praedictae,
603 978 777 1015 fecerunt
788 991 796 1023 3
831 983 869 1014 et
899 976 1008 1024 quod
1039 975 1262 1025 praedictus
1294 976 1490 1014 Ricardus
1526 977 1656 1026 Byron
1691 983 1729 1014 et
1757 975 1942 1025 Johanna
1970 988 2067 1014 uxor

339 1049 434 1098 ejus,
466 1055 508 1085 ut
539 1048 589 1085 de
619 1047 705 1095 jure
740 1045 859 1095 ipsius
887 1046 1106 1094 Johannae,
1136 1045 1327 1095 gurgitem
1361 1045 1606 1095 praedictum
1638 1044 1786 1083 ibidem
1820 1045 1997 1082 clausum
2028 1052 2066 1083 et

340 1130 420 1155 non
451 1124 628 1165 apertum
657 1122 791 1153 tenent
823 1114 862 1151 in
894 1114 1099 1163 praesenti,
1132 1122 1174 1153 ut
1205 1116 1415 1164 parcellam
1447 1114 1610 1153 manerii
1643 1115 1875 1153 eorumdem
1906 1114 2067 1153 Ricardi

341 1189 470 1237 Byron
502 1194 539 1224 et
570 1185 776 1235 Johannae
808 1185 858 1223 de
890 1184 1164 1234 Overcolwyk3
1193 1191 1231 1223 et
1262 1185 1371 1234 quod
1403 1184 1466 1223 ille
1497 1185 1607 1222 locus
1641 1183 1708 1222 ubi
1742 1183 1849 1222 dicta
1881 1196 1983 1233 aqua
2017 1185 2068 1222 de

340 1258 462 1295 Trent
490 1256 693 1305 quondam
723 1254 881 1293 tenebat
913 1267 1070 1292 cursum
1101 1267 1216 1292 suum
1251 1267 1342 1292 cum
1377 1261 1487 1302 terra,
1521 1254 1671 1301 zabulo,
1707 1260 1745 1292 et
1777 1253 1959 1292 salicibus
1985 1254 2067 1303 jam

340 1326 532 1376 impletur,
569 1325 678 1374 quod
711 1337 814 1374 aqua
843 1325 893 1362 de
922 1325 1045 1362 Trent
1079 1323 1279 1373 praedicta
1310 1324 1350 1362 in
1379 1331 1529 1362 rectum
1559 1336 1717 1362 cursum
1747 1336 1862 1362 suum
1893 1323 2068 1362 converti

342 1410 421 1434 non
451 1403 578 1445 potest
607 1395 756 1443 absque
785 1393 965 1443 expensis
994 1393 1273 1432 rationabiliter
1302 1393 1625 1443 importabilibus,
1648 1406 1716 1443 per
1744 1394 1853 1442 quod
1882 1406 2000 1432 naves
2029 1401 2068 1432 et

342 1465 472 1504 batelli
493 1478 583 1503 cum
604 1464 836 1502 victualibus
857 1471 894 1502 et
916 1463 998 1501 aliis
1020 1463 1284 1502 mercimoniis
1305 1476 1372 1513 per
1394 1463 1540 1502 dictam
1565 1476 1709 1512 aquam
1729 1464 1779 1502 de
1800 1465 1922 1501 Trent
1942 1476 2068 1512 usque

341 1537 391 1574 ad
419 1538 601 1575 Castrum
629 1542 665 1573 et
692 1534 823 1572 villam
844 1534 894 1572 de
921 1534 1175 1583 Notyngham
1202 1533 1402 1583 praedicta
1429 1532 1591 1571 transire
1617 1540 1683 1570 aut
1711 1532 1837 1571 redire
1865 1540 2068 1582 nequeunt

341 1606 616 1655 quovismodo,
640 1612 754 1654 prout
775 1604 953 1643 solebant
980 1603 1071 1642 totis
1098 1603 1341 1653 temporibus
1367 1602 1550 1652 antiquis,
1573 1602 1611 1640 in
1641 1602 1760 1653 Regis
1781 1610 2066 1652 contemptum,

343 1684 380 1715 et
401 1677 552 1723 Annae,
574 1675 750 1724 Reginae
771 1673 948 1724 Angliae,
970 1675 1188 1723 dampnum
1208 1673 1490 1723 gravissimum,
1513 1685 1558 1710 ac
1583 1672 1719 1722 populi
1746 1672 1914 1722 partium
1941 1673 2068 1722 adjac-

344 1745 492 1784 entium
522 1744 773 1794 dispendium
805 1757 886 1782 non
917 1743 1120 1783 modicum
1152 1751 1189 1782 et
1220 1756 1437 1793 gravamen.
1500 1744 1550 1780 Et
1583 1742 1744 1781 ulterius
1778 1742 1926 1790 dicunt,
1959 1744 2068 1792 quod

344 1828 445 1864 aqua
472 1816 522 1853 de
549 1816 670 1853 Trent
698 1814 898 1864 praedicta
925 1814 1128 1863 quondam
1156 1814 1314 1852 tenebat
1341 1826 1499 1851 cursum
1526 1825 1653 1860 suum,
1676 1820 1888 1862 antequam
1917 1812 2069 1852 diversa

343 1885 414 1923 fuit
445 1898 467 1923 a
498 1892 605 1923 recto
636 1897 751 1922 cursu
783 1897 866 1931 suo,
888 1883 987 1922 inter
1013 1883 1145 1922 villam
1172 1885 1222 1922 de
1249 1884 1454 1922 Adbolton
1481 1896 1528 1922 ex
1553 1896 1632 1921 una
1658 1890 1766 1932 parte
1793 1890 1830 1921 et
1857 1882 1988 1921 villam
2017 1884 2068 1922 de

343 1955 598 2005 Overcolxxyk
624 1967 670 1992 ex
697 1955 815 1992 altera
846 1961 963 2004 parte.
1025 1954 1076 1992 Et
1105 1953 1265 1992 ulterius
1295 1953 1443 2000 dicunt,
1465 1953 1575 2002 quod
1604 1952 1691 2002 quis
1721 1960 1874 1991 tenetur
1903 1953 1953 1991 de
1981 1953 2068 2002 jure

341 2024 581 2074 praedictam
611 2037 753 2073 aquam
781 2025 831 2062 de
863 2026 897 2061 T
901 2031 984 2062 rent
1017 2023 1056 2061 in
1088 2031 1237 2062 rectum
1270 2023 1476 2073 antiquum
1504 2036 1660 2061 cursum
1688 2036 1802 2061 suum
1829 2031 2067 2072 convertere,

342 2094 504 2133 omnino
525 2094 711 2144 ignorant.
761 2095 808 2132 In
826 2096 937 2144 cujus
953 2094 1007 2132 rei
1022 2093 1292 2133 testimonium
1308 2093 1400 2132 huic
1416 2092 1659 2143 inquisitioni
1672 2094 1863 2142 juratores
1879 2092 2069 2143 praedicti

342 2163 464 2214 sigilla
484 2176 554 2201 sua
573 2171 848 2213 apposuerunt.
911 2166 1060 2202 Datum
1081 2164 1187 2213 apud
1208 2163 1474 2213 Notyngham,
1496 2162 1560 2202 die
1581 2171 1618 2202 et
1639 2176 1743 2202 anno
1764 2163 2041 2213 supradictis.'¹

423 2235 473 2272 Et
507 2234 629 2272 modo
663 2234 713 2272 ad
748 2234 908 2272 easdem
941 2234 1114 2274 Octabas
1149 2235 1315 2272 Sanctae
1350 2232 1563 2280 Trinitatis,
1597 2232 1672 2271 isto
1706 2233 1849 2271 eodem
1884 2232 2064 2281 termino,

341 2317 472 2342 coram
495 2303 671 2342 Domino
692 2305 814 2353 Rege,
837 2304 943 2353 apud
974 2304 1240 2353 Notyngham,
1261 2304 1453 2352 juratores
1474 2302 1715 2341 diversorum
1736 2302 2067 2352 wapentagiorum

342 2373 564 2413 Comitatus
597 2372 786 2423 praedicti
824 2380 1085 2422 praesentant,
1122 2373 1231 2422 quod
1269 2385 1404 2411 cursus
1438 2385 1563 2421 aquae
1597 2373 1648 2411 de
1685 2374 1807 2411 Trent
1846 2385 1869 2410 a
1896 2372 1986 2410 villa
2017 2373 2068 2412 de

342 2444 595 2494 Notyngham
634 2456 759 2492 usque
799 2443 982 2482 Humbre
1027 2443 1258 2493 obstupatur
1296 2455 1365 2492 per
1398 2443 1600 2492 quendam
1637 2443 1838 2481 kedellum
1872 2443 1922 2481 de
1961 2455 2066 2481 novo

342 2515 489 2551 factum
520 2514 626 2562 apud
659 2513 926 2563 Overcolwyk‚
959 2512 1062 2551 circa
1091 2514 1235 2551 festum
1263 2512 1395 2551 Sancti
1428 2512 1646 2560 Michaelis,
1674 2525 1780 2551 anno
1806 2512 1914 2562 regni
1946 2511 2068 2562 Regis

343 2583 504 2621 Ricardi
538 2582 712 2621 Secundi
746 2590 834 2632 post
870 2584 1144 2632 Conquestum
1179 2582 1318 2632 quinto
1353 2582 1522 2631 decimo,
1558 2596 1626 2632 per
1664 2582 1882 2621 Ricardum
1922 2584 2066 2632 Byron,

342 2652 523 2700 chivaler,
563 2665 631 2702 per
669 2653 778 2701 quod
817 2653 949 2691 batelli
988 2661 1025 2691 et
1065 2652 1234 2691 nav-iculi
1271 2666 1363 2691 cum
1402 2652 1563 2691 diversis
1608 2652 1863 2691 mercandisis
1903 2659 1942 2691 et
1981 2651 2067 2690 aliis

342 2722 572 2760 victualibus
607 2721 646 2759 in
680 2735 782 2771 aqua
815 2723 865 2760 de
898 2722 1080 2761 Humbre
1114 2735 1240 2772 usque
1277 2721 1409 2760 villam
1448 2723 1498 2761 de
1533 2723 1787 2773 Notyngham
1821 2721 1953 2760 venire
1987 2734 2067 2760 non

342 2799 518 2841 possunt,
553 2791 651 2829 sicut
685 2804 754 2841 per
786 2791 993 2841 antiquum
1026 2799 1182 2842 tempus
1215 2799 1514 2839 consueverunt,
1550 2792 1601 2829 ad
1634 2804 1748 2841 grave
1783 2798 2067 2830 nocumentum

342 2861 462 2900 totius
492 2861 628 2911 populi
663 2861 884 2900 Comitatus
918 2861 1108 2911 praedicti
1141 2868 1180 2900 et
1218 2861 1384 2900 aliorum
1419 2861 1694 2901 Comitatuum
1727 2860 1906 2910 proximo
1940 2861 2068 2909 adjac-

344 2931 502 2970 entium.
574 2932 688 2979 Item,
729 2939 978 2981 praesentant
1017 2932 1126 2981 quod
1173 2931 1313 2981 riparia
1351 2932 1400 2969 de
1445 2933 1579 2978 Trent,
1620 2943 1722 2980 quae
1759 2931 1877 2969 habet
1915 2938 2065 2969 rectum

343 3014 499 3039 cursum
534 3013 648 3039 suum
682 3014 704 3039 a
729 3014 832 3051 aqua
860 3003 911 3040 de
943 3001 1127 3040 Humbre
1152 3014 1277 3050 usque
1310 3001 1442 3039 villam
1472 3001 1750 3051 Notyngham',
1781 3013 1872 3038 cum
1904 3000 2066 3039 diversis

343 3069 494 3108 batellis
521 3077 559 3108 et
593 3070 781 3109 naviculis
815 3084 906 3109 cum
941 3071 1102 3110 diversis
1134 3070 1388 3109 mercandisis
1422 3078 1460 3110 et
1492 3070 1575 3109 aliis
1608 3070 1842 3108 victualibus
1875 3071 1927 3108 ad
1959 3082 2066 3119 prae-

343 3139 489 3178 dictam
536 3139 667 3177 villam
706 3141 756 3179 de
803 3141 1057 3190 Notyngham
1104 3140 1363 3187 venientibus,
1405 3153 1475 3190 pro
1513 3140 1728 3178 commodo
1772 3138 1892 3177 totius
1929 3138 2066 3189 populi

344 3209 566 3248 Comitatus
594 3209 794 3258 praedicti,
816 3210 979 3259 quidam
1005 3218 1138 3249 tamen
1168 3210 1362 3249 Ricardus
1393 3212 1535 3260 Byron,
1557 3209 1737 3257 chivaler,
1760 3210 1810 3248 de
1840 3222 1944 3248 novo
1974 3208 2066 3247 fecit

344 3280 544 3328 quendam
580 3279 780 3317 kedellum
814 3279 853 3317 in
887 3293 989 3329 aqua
1027 3281 1077 3318 de
1115 3282 1236 3318 Trent
1275 3279 1475 3329 praedicta
1512 3280 1618 3329 apud
1657 3279 1925 3328 Overcolwyk,
1964 3277 2067 3316 circa

344 3350 487 3386 festum
508 3348 639 3385 Sancti
661 3348 878 3397 Michaelis,
901 3363 1005 3388 anno
1025 3349 1133 3400 regni
1160 3349 1280 3400 Regis
1307 3349 1467 3388 Ricardi
1489 3347 1660 3387 Secundi
1681 3356 1768 3399 post
1790 3350 2066 3399 Conquestum
