2198 3845
291 414 340 454 52
554 411 772 443 RECORDS
805 410 865 441 OF
898 409 997 440 THE
1031 407 1266 440 BOROL'GH
1300 406 1360 438 OF
1395 405 1742 437 NOTTINGHAM.
1879 397 2009 449 [1272

286 535 339 575 ad
375 534 585 587 majorem
609 533 887 574 securitatem
918 532 1017 572 huic
1050 530 1222 583 scripto,
1246 530 1287 569 in
1313 529 1493 569 modum
1517 525 1776 581 cyrographi
1801 524 2012 573 confecto,

285 621 373 648 una
395 621 493 648 cum
523 607 665 660 sigillo
688 613 847 655 nostro,
871 605 1013 658 sigilla
1041 618 1120 645 sua
1151 603 1403 644 communia
1435 601 1683 643 alternatim
1716 599 1879 653 apponi
1902 597 2013 638 fece-

285 687 393 722 runt.
464 681 630 721 Datum
677 680 793 733 apud
839 678 1141 732 Notyngham,
1180 677 1250 717 die
1294 675 1477 719 Sabbati
1515 681 1615 729 post
1656 673 1816 715 festum
1860 671 2013 715 Sancti

289 755 472 804 Hillarii,
506 768 622 795 anno
656 753 823 807 gratiae
858 752 1090 793 millesimo
1124 750 1427 792 ducentesimo
1459 748 1796 802 septuagesimo,
1829 753 1872 788 et
1906 758 2013 799 pon-

285 828 473 869 tificatus
497 827 631 868 nostri
655 827 839 880 quinto.1
1742 831 1866 873 4522,
1888 830 2013 871 4529.

625 1033 855 1073 XXIV-
868 1031 1009 1071 Third
1030 1030 1066 1072 C
1063 1030 1212 1070 lmrter
1231 1030 1285 1081 os
1298 1030 1346 1069 K
1348 1030 1425 1081 ing
1445 1029 1594 1081 Hemy
1616 1028 1700 1068 III.

975 1116 1090 1156 1272.
1115 1104 1241 1157 April
1273 1115 1328 1154 14.

373 1197 713 1252 2[H]1‹:cht;s,
743 1195 825 1236 Dei
860 1195 1023 1243 Gratia,
1060 1195 1158 1235 Rex
1195 1193 1396 1246 Angliae,
1437 1193 1654 1233 Dominus
1696 1191 1935 1232 Hiberniae
1972 1196 2015 1230 et

287 1272 393 1312 Dux
446 1270 758 1324 Aquitanniae,
811 1269 1158 1322 archiepiscopis,
1212 1267 1439 1320 episcopiS,
1491 1266 1735 1315 abbatibus,
1783 1266 2009 1319 prioribus,

286 1345 529 1393 comitibus,
563 1344 810 1393 baronibus,
841 1343 1096 1396 justitiariis,
1126 1341 1467 1390 vicecomitibus,
1498 1340 1768 1394 praepositis,
1802 1340 2010 1382 ministris

285 1427 329 1461 et
351 1419 555 1460 omnibus
578 1418 747 1459 ballivis
771 1425 813 1459 et
837 1417 1038 1458 fidelibus
1061 1416 1160 1465 suis,
1183 1415 1379 1456 salutem.
1445 1415 1603 1457 Sciatis
1626 1428 1705 1455 nos
1735 1415 2012 1464 concessisse,

284 1500 326 1535 et
358 1494 438 1534 hac
472 1492 688 1546 praesenti
722 1498 841 1532 carta
873 1498 1023 1531 nostra
1055 1489 1346 1538 confirmasse,
1382 1489 1678 1542 Burgensibus
1711 1488 1869 1529 nostris
1902 1489 2013 1530 Not-

285 1567 524 1621 inghamm’
548 1566 665 1619 quod
691 1565 770 1618 ipsi
794 1571 837 1605 et
860 1578 1010 1605 eorum
1034 1564 1215 1604 heredes
1243 1564 1577 1616 imperpetuum,
1596 1576 1672 1616 per
1690 1569 1830 1603 totam
1853 1569 2013 1604 terram

285 1649 329 1683 et
351 1648 616 1695 potestatem
649 1646 855 1689 nostram,
879 1639 1072 1679 habeant
1104 1638 1216 1678 hanc
1250 1637 1508 1685 libertatem,
1531 1636 1744 1685 videlicet,
1772 1637 1890 1690 quod
1924 1637 2017 1690 ipsi,

286 1716 352 1756 vel
375 1728 525 1756 eorum
559 1715 676 1754 bona
698 1726 978 1766 quocumque
1008 1712 1202 1752 locorum
1227 1712 1268 1751 in
1293 1718 1513 1764 potestate
1542 1718 1692 1751 nostra
1714 1711 1902 1760 inventa,
1926 1723 2014 1751 non

287 1796 533 1831 arestentur
582 1802 660 1841 pro
710 1787 856 1840 aliquo
899 1786 1049 1827 debito
1091 1786 1146 1826 de
1188 1799 1275 1838 quo
1318 1784 1594 1838 fidejussores
1636 1791 1711 1825 aut
1753 1784 2016 1837 principales

287 1865 506 1906 debitores
549 1875 635 1902 non
679 1861 917 1901 extiterint.

288 1938 406 1992 quod
441 1938 764 1990 imperpetuum
799 1935 992 1975 habeant
1027 1941 1250 1974 returnum
1288 1932 1485 1973 brevium
1524 1938 1772 1972 nostrorum
1807 1932 1862 1972 de
1898 1945 2015 1973 sum-

995 1859 1302 1902 Conccssimus
1345 1858 1478 1899 etiam
1516 1858 1680 1898 eisdem
1721 1858 2018 1911 Burgensibus

289 2011 603 2054 monitionibus
637 2009 839 2050 scaccarii
873 2008 1007 2048 nostri
1043 2008 1097 2048 de
1129 2007 1333 2048 omnibus
1367 2007 1421 2047 ad
1451 2006 1638 2059 burgum
1672 2013 1870 2046 nostrum
1905 2006 2016 2047 Not-

288 2087 480 2140 ingham'
513 2083 842 2138 pertinentibus,
873 2083 933 2122 ita
968 2082 1086 2135 quod
1122 2081 1266 2121 nullus
1295 2080 1549 2128 vicecomes
1580 2086 1655 2120 aut
1690 2079 1798 2119 alius
1833 2079 2018 2120 ballivus

289 2160 355 2201 vel
390 2159 586 2199 minister
614 2164 771 2205 noster,
802 2157 1004 2197 decetero
1034 2155 1298 2196 intromittat
1331 2168 1376 2194 se
1404 2155 1459 2194 de
1492 2153 1744 2206 hujusmodi
1779 2153 2019 2193 summoni-

289 2234 481 2275 tionibus
512 2240 585 2273 aut
615 2231 957 2272 districtionibus
988 2229 1197 2270 faciendis
1227 2229 1269 2268 in
1300 2228 1525 2282 praedicto
1554 2228 1703 2281 burgo,
1727 2227 1808 2267 nisi
1841 2241 1917 2280 per
1945 2228 2018 2268 de-

290 2307 451 2349 fectum
476 2307 691 2347 dictorum
718 2304 1018 2358 Burgensiurn,
1043 2310 1117 2344 aut
1142 2303 1407 2343 Ballivorum
1431 2302 1646 2355 ejusmodi
1670 2301 1805 2354 burgi.
1869 2301 2018 2355 Quare

291 2382 494 2423 volumus
517 2387 559 2420 et
583 2379 762 2419 firmiter
791 2378 1093 2431 praecipimus,
1117 2391 1195 2430 pro
1218 2376 1343 2417 nobis
1373 2383 1415 2417 et
1445 2375 1677 2416 heredibus
1707 2376 1875 2425 nostris,
1900 2376 2018 2429 quod

291 2455 501 2510 praedicti
527 2454 772 2506 Burgenses
790 2460 832 2492 et
855 2465 1004 2492 eorum
1028 2451 1209 2491 heredes
1233 2451 1556 2504 imperpetuum
1579 2449 1772 2490 habeant
1795 2449 2018 2490 libertates

292 2529 547 2583 praedictas
571 2528 681 2567 sicut
704 2526 977 2580 praedictum
1001 2532 1075 2565 est.
1141 2525 1199 2565 Et
1229 2524 1521 2578 prohibemus,
1546 2537 1675 2577 super
1697 2522 2015 2564 forisfacturam

293 2611 486 2644 nostram
510 2602 661 2642 decem
693 2600 910 2647 librarum,
934 2613 988 2639 ne
1011 2599 1106 2652 quis
1137 2612 1211 2639 eos
1240 2604 1392 2638 contra
1421 2597 1643 2637 libertates
1673 2596 1767 2636 illas
1797 2597 1838 2636 in
1870 2596 2017 2650 aliquo

294 2678 453 2730 injuste
495 2682 639 2724 vexet,
675 2674 901 2723 disturbet,
939 2673 1006 2713 vel
1049 2673 1270 2726 inquietet.
1352 2672 1450 2712 Hiis
1491 2671 1701 2712 testibus:
1748 2671 1923 2711 Thoma
1965 2671 2020 2711 de

297 2751 434 2799 Clare,
475 2750 602 2790 Petro
644 2749 699 2789 de
742 2748 1062 2801 Chaumpvent,
1101 2747 1324 2787 willelmo
1362 2747 1416 2786 de
1458 2745 1756 2794 &VintreshulL
1795 2745 2019 2786 willelmo

298 2825 430 2873 Belet,
472 2823 669 2863 XValtero
711 2823 767 2863 de
809 2822 985 2875 BurgeS,
1029 2820 1227 2863 Galfrido
1269 2821 1323 2861 de
1363 2820 1509 2873 Percy,
1545 2819 1749 2872 Johanne
1787 2819 2017 2869 Carbunel,

294 2898 518 2939 willelmo
541 2896 723 2945 Arnald,
747 2902 789 2936 et
819 2896 922 2936 aliis.
988 2896 1154 2936 Datum
1185 2908 1261 2947 per
1291 2906 1470 2933 manum
1501 2899 1695 2933 nostram
1727 2893 1843 2945 apud
1874 2892 2018 2933 &Vest-

295 2970 619 3019 monasterium,
654 2969 985 3022 quartodecimo
1017 2969 1087 3008 die
1119 2968 1296 3021 Aprilis,
1330 2980 1446 3007 anno
1480 2966 1599 3019 regni
1633 2966 1768 3006 nostri
1802 2966 2017 3019 quinqua-

295 3046 463 3099 gesimo
486 3050 624 3084 sexto.

336 3139 345 3152 ¹
393 3134 500 3165 There
524 3143 578 3164 are
602 3139 667 3164 two
687 3132 797 3173 copies
821 3131 858 3162 of
877 3131 941 3163 this
965 3131 1086 3169 award,

292 3189 356 3220 and
381 3188 405 3220 it
431 3188 457 3218 is
483 3187 623 3218 referred
649 3193 683 3217 to
707 3187 751 3227 by
775 3186 863 3217 Wm.
891 3186 1040 3227 Gregory
1056 3186 1088 3217 in

292 3246 342 3276 his
359 3252 453 3276 notes
471 3243 506 3275 of
527 3243 582 3274 the
599 3249 750 3274 contents
767 3242 803 3272 of
822 3242 878 3273 the
904 3242 976 3272 Red
995 3241 1088 3272 Book

293 3302 402 3338 (4771,
422 3298 442 3329 f.
464 3298 531 3337 (ad).
581 3297 646 3329 No.
667 3303 752 3337 4529
775 3297 801 3327 is
825 3307 843 3327 a
867 3296 982 3337 simple
1005 3306 1089 3337 copy

293 3356 329 3386 of
350 3355 414 3386 this
438 3353 558 3392 award,
579 3353 643 3384 and
668 3353 704 3384 os
723 3352 778 3384 the
796 3352 923 3383 charter
940 3351 976 3382 of
995 3351 1072 3381 Wm

1895 3042 2018 3092 4158.

1225 3131 1266 3162 de
1283 3131 1314 3161 la
1331 3130 1466 3161 Corner.
1517 3129 1581 3160 No.
1601 3136 1685 3169 4522
1702 3129 1728 3160 is
1744 3140 1785 3160 an
1802 3129 2020 3170 exemplifica-

1225 3184 1294 3216 tion
1311 3184 1415 3214 under
1430 3183 1486 3214 the
1508 3183 1574 3214 seal
1596 3182 1633 3213 of
1652 3182 1862 3224 Archbishop
1880 3183 2019 3214 Rother-

1225 3238 1312 3275 ham,
1343 3237 1442 3268 dated
1482 3236 1677 3278 September
1707 3244 1738 3275 9,
1776 3236 1867 3276 1484,
1901 3237 1934 3268 in
1965 3237 2021 3268 the

1226 3294 1386 3337 principal
1403 3293 1558 3325 chamber
1574 3293 1607 3324 in
1627 3293 1682 3324 the
1699 3293 1854 3334 dwelling
1870 3293 1972 3324 house
1989 3293 2026 3324 of

1223 3349 1311 3394 John
1330 3349 1436 3387 Hunt‚
1456 3348 1492 3379 of
1506 3347 1734 3389 Nottingharn.
1784 3348 1856 3379 The
1869 3347 1978 3380 award
1995 3347 2021 3379 is
