2198 3845
286 401 367 450 264
550 413 767 445 RECORDs
800 414 860 446 01⁴*
893 415 992 445 THE
1027 415 1259 447 BOROUGH
1294 416 1354 448 or
1389 416 1735 448 NOTTINGHAM.
1873 404 2001 461 [1395

356 532 917 586 CXLVIL—Actionsfor
935 537 1062 583 Dnes,
1085 543 1164 583 etc„
1188 538 1241 588 of
1253 537 1319 577 tlte
1346 538 1453 578 Gild
1469 538 1523 588 of
1536 538 1601 577 tlte
1624 537 1738 588 Holy
1767 535 1944 587 Trinity.

897 636 1060 676 1394-5,
1088 626 1310 679 February
1341 639 1396 667 10.

366 736 561 778 Thomas
595 738 784 779 Bedford
809 739 1002 792 queritur
1024 741 1078 780 de
1105 741 1309 793 johanne
1340 741 1478 783 Stoke
1508 741 1562 781 de
1591 740 1752 794 placito
1781 739 1928 788 debiti,
1951 752 2003 780 00

278 810 395 862 quod
430 811 466 850 ei
501 811 632 852 debet
666 811 813 865 xiiijd„
844 827 953 866 quos
987 828 1065 866 pro
1097 828 1148 854 eo
1182 815 1326 867 posuit
1360 815 1516 857 Gildae
1551 814 1741 856 Sanctae
1773 812 2001 854 Trinitatis

277 884 393 936 apud
418 884 690 938 Notingham
715 900 830 927 anno
853 887 1008 928 ultimo
1032 901 1146 928 nunc
1170 888 1330 941 elapso,
1353 902 1473 942 quos,
1497 895 1574 929 etc.
1639 888 1697 928 Et
1719 887 1837 928 venit
1860 886 2001 927 dictus

275 957 509 1010 Johannes,
532 965 574 999 et
597 960 810 1013 cognovit.
869 961 975 1002 Ideo
999 961 1039 1001 in
1065 962 1368 1011 misericordia,
1387 968 1431 1003 et
1453 963 1553 1002 inde
1576 962 1769 1014 dampna
1791 965 2002 1001 taxantur

278 1031 332 1071 ad
357 1031 427 1084 ijd.
1717 1046 1833 1086 1294,
1856 1048 1911 1075 ro.
1942 1045 1998 1076 10.

929 1118 1093 1160 1394-5,
1119 1110 1272 1150 March
1308 1121 1365 1151 10.

358 1196 582 1248 Johannes
604 1197 741 1250 Jorce,
765 1211 960 1250 querenS,
984 1199 1144 1252 optulit
1173 1213 1219 1240 se
1248 1213 1395 1240 versus
1427 1199 1664 1240 Ricardum
1697 1198 1922 1251 Barynton
1945 1198 2000 1239 de

273 1269 435 1321 placito
466 1269 611 1319 debiti,
645 1271 717 1323 qui
751 1271 856 1312 alias
889 1271 989 1313 fecit
1022 1272 1240 1313 defectum
1275 1273 1367 1313 sine
1398 1273 1581 1321 05501110,
1615 1279 1657 1313 et
1691 1272 1760 1311 hic
1794 1271 1923 1322 venit,
1956 1278 1999 1312 et

272 1343 520 1395 praedictus
556 1343 780 1396 Johannes
814 1345 1021 1394 similiter,
1053 1346 1126 1399 qui
1162 1347 1271 1399 petit
1303 1347 1358 1387 de
1392 1347 1511 1387 dicto
1548 1346 1737 1386 Ricardo
1769 1345 1845 1399 iijs.
1871 1345 1998 1398 viijd.,

273 1430 382 1470 quos
423 1417 528 1457 dicit
569 1417 605 1457 ei
648 1418 779 1458 debet
821 1425 863 1459 et
905 1420 1083 1469 detinet,
1121 1427 1211 1467 etc,
1251 1420 1463 1469 videlicet,
1502 1419 1650 1472 xviijd.
1691 1433 1769 1472 pro
1805 1419 1997 1472 quodam

272 1491 438 1544 capicio
468 1491 623 1532 Gildae
659 1492 885 1533 Trinitatis
922 1494 1220 1547 Notingham',
1244 1502 1286 1535 et
1316 1495 1469 1547 xxvjd.
1502 1508 1579 1547 pro
1608 1494 1828 1546 stipendio
1856 1493 1998 1546 capel-

273 1564 358 1605 lani
396 1565 604 1618 ejusdem,
643 1573 718 1607 ctc.
785 1567 842 1608 Et
879 1568 996 1608 venit
1033 1569 1175 1609 dictus
1217 1569 1440 1617 Ricardus,
1474 1575 1516 1608 et
1553 1568 1716 1609 dedicit
1748 1568 1865 1621 quod
1906 1568 1998 1621 ipse

272 1638 389 1680 dicto
410 1638 600 1691 Johanni
624 1639 754 1680 debet
778 1641 857 1680 nisi
882 1641 1029 1694 xviijd.
1056 1656 1133 1695 pro
1157 1643 1333 1695 capicio,
1357 1649 1399 1683 et
1422 1642 1503 1682 hoc
1528 1642 1636 1695 petit
1660 1642 1825 1695 inquiri.
1892 1642 1998 1682 Ideo

271 1720 601 1754 summoneatur
624 1714 846 1766 inquisitio
870 1721 1021 1756 contra
1045 1717 1304 1768 proximam.
1711 1727 1825 1766 1294,
1851 1729 1905 1756 ro.
1938 1726 1994 1755 12.

303 1991 933 2034 CXLVIII.—E„rczminati0n
957 1995 1047 2044 osa
1082 1995 1258 2034 iVomcm
1283 2002 1387 2047 upon
1410 1995 1487 2034 lm
1511 1994 1621 2036 Oatlz
1644 2008 1692 2034 as
1715 2001 1754 2034 lo
1775 2008 1801 2034 a
1828 1994 1971 2034 Grant

770 2067 891 2106 made
914 2067 962 2118 by
983 2067 1060 2107 ἦεν
1078 2069 1171 2108 aud
1187 2068 1264 2108 lcer
1284 2068 1506 2108 Hnslmnd.

983 2168 1099 2208 1395,
1122 2158 1235 2210 June
1261 2169 1292 2197 2.

360 2262 443 2303 1Et
476 2260 579 2314 quia
612 2261 653 2301 in
690 2261 770 2301 hac
807 2262 937 2303 Curia
971 2263 1194 2315 praedicta
1229 2263 1382 2316 Agnes
1419 2262 1570 2305 Cooke
1604 2276 1690 2303 non
1726 2263 1870 2315 potuit
1903 2277 1997 2304 esse

272 2349 475 2389 praesens
505 2336 559 2376 ad
593 2335 950 2384 examinandum,
981 2336 1075 2389 ipsa
1105 2336 1268 2390 Agnes,
1296 2337 1366 2377 die
1396 2337 1551 2377 Martis
1581 2337 1804 2390 praedicto
1833 2350 1920 2390 quo
1949 2336 1996 2378 fit

271 2410 374 2451 data
411 2416 565 2457 cartae,
599 2422 743 2449 coram
779 2408 974 2461 praefato
1010 2410 1180 2462 Majore
1213 2417 1256 2451 et
1292 2410 1469 2459 Ballivo,
1504 2424 1552 2450 ac
1588 2409 1735 2450 multis
1770 2410 1864 2450 aliis
1898 2410 1995 2451 bur-

270 2484 475 2537 gensibus
509 2483 635 2523 villae
667 2483 926 2535 praedictae,
950 2483 1122 2532 scilicet,
1146 2484 1370 2525 Willelmo
1399 2485 1453 2525 de
1486 2484 1775 2537 Thrompton,
1801 2484 1996 2525 Roberto

272 2558 454 2610 Squyer,
476 2557 677 2610 Johanne
707 2556 760 2596 de
792 2557 1051 2609 Tannesley,
1075 2557 1298 2598 &Villelmo
1330 2557 1517 2610 Botyler,
1539 2557 1743 2610 Johanne
1764 2557 1834 2597 del
1861 2557 1995 2607 Heth,

273 2632 463 2672 Ricardo
488 2630 661 2679 Plattes,
684 2630 886 2682 Johanne
909 2631 962 2670 de
992 2630 1213 2684 Aldenby,
1235 2631 1438 2683 Johanne
1468 2631 1692 2683 Odynges,
1714 2630 1918 2683 Johanne
1940 2631 1994 2672 de

273 2704 482 2751 Lichfeld,
506 2704 745 2744 secundum
770 2704 1131 2744 consuetudinem
1156 2704 1282 2744 villae
1314 2704 1610 2756 Notingham',
1634 2703 1890 2744 examinata
1919 2712 1994 2754 est,

273 2792 384 2831 quae
407 2778 510 2818 dicit
533 2791 578 2817 50
601 2791 706 2830 pure
729 2785 771 2818 et
801 2784 957 2830 sponte
981 2778 1249 2830 praedictam
1280 2784 1456 2825 cartam,
1481 2777 1572 2817 sine
1595 2777 1851 2818 cohercione
1873 2792 1995 2830 prae-

271 2852 374 2892 dicti
412 2851 612 2891 Nicholai
646 2851 721 2890 viri
757 2851 831 2899 sui,
867 2864 941 2890 seu
977 2851 1158 2904 alicujus
1193 2851 1379 2900 alterius,
1403 2850 1553 2891 fecisse
1584 2857 1625 2890 et
1655 2851 1929 2900 concessisse,
1953 2858 1996 2892 et

273 2939 402 2978 super
433 2926 514 2965 hoc
547 2925 589 2963 in
623 2924 753 2965 Gilda
774 2923 903 2973 Aula,
928 2938 1073 2964 coram
1107 2924 1340 2977 praedictis
1373 2923 1671 2976 burgensibus,
1694 2936 1823 2976 super
1853 2938 1994 2964 sacro-

273 3005 472 3038 sanctum
499 2997 787 3049 Evangelium
808 2997 968 3049 juravit
991 3011 1037 3037 50
1059 3010 1284 3050 nunquam
1308 2997 1575 3049 praedictam
1607 3003 1771 3037 cartam
1795 2998 1995 3038 dedicere

272 3084 350 3111 nec
374 3071 588 3111 clameum
613 3070 713 3110 inde
735 3071 949 3123 prosequi,
973 3071 1306 3124 imperpetuum.
1707 3081 1823 3121 1294,
1844 3085 1902 3117 ro.
1934 3080 1991 3122 15.

339 3191 347 3204 ¹
373 3187 453 3218 This
470 3192 563 3227 entry
580 3196 692 3217 occurs
713 3186 795 3217 aster
812 3187 867 3218 the
885 3187 1067 3219 enrolment
1199 3196 1333 3221 mercer,
1356 3186 1392 3217 of
1413 3197 1432 3217 a
1457 3192 1623 3218 tenement
1649 3186 1681 3217 in
1711 3187 1760 3217 ‘le
1785 3185 1996 3227 Castelgate‚’

272 3242 448 3283 ofagrant
462 3241 544 3272 from
560 3240 656 3271 Nich.
674 3240 715 3271 de
732 3240 1066 3281 XVyndeser'OVind—
1200 3240 1430 3282 Nottingham.
1490 3241 1561 3273 The
1588 3241 1664 3272 date
1692 3240 1729 3272 of
1756 3241 1811 3272 the
1841 3246 1936 3282 grant
1969 3240 1995 3271 is

273 3297 350 3333 sor),
381 3296 417 3326 of
445 3294 600 3329 Newark,
633 3294 696 3325 and
728 3294 840 3334 Agnes
873 3293 987 3325 Cooke
1018 3293 1067 3325 his
1200 3296 1293 3337 April
1316 3305 1362 3334 14,
1387 3303 1477 3336 1395.

275 3351 357 3389 wife,
372 3357 405 3382 to
423 3350 568 3391 Stephen
586 3350 764 3387 Larxrence,
785 3348 821 3379 os
835 3349 1065 3390 Nottingham,
